<?xml version="1.0" encoding="UTF-8"?>
<!DOCTYPE html PUBLIC "-//W3C//DTD XHTML 1.0 Transitional//EN"
    "http://www.w3.org/TR/xhtml1/DTD/xhtml1-transitional.dtd">
<html xmlns="http://www.w3.org/1999/xhtml" xml:lang="en" lang="en">
 <head>
  <title>
</title>
<meta http-equiv="Content-Type" content="text/html;charset=utf-8" />
  <meta name='ocr-system' content='tesseract 3.04.00' />
  <meta name='ocr-capabilities' content='ocr_page ocr_carea ocr_par ocr_line ocrx_word'/>
</head>
<body>
  <div class='ocr_page' id='page_1' title='image "./hymniusitatilat00lawsgoog_0089.png"; bbox 0 0 2242 3725; ppageno 0'>
   <div class='ocr_carea' id='block_1_1' title="bbox 664 377 1318 430">
    <p class='ocr_par' dir='ltr' id='par_1_1' title="bbox 664 377 1318 430">
     <span class='ocr_line' id='line_1_1' title="bbox 664 377 1318 430; baseline -0.005 0"><span class='ocrx_word' id='word_1_1' title='bbox 664 379 949 430; x_wconf 79' lang='lat' dir='ltr'><strong><em>LATINE</em></strong></span> <span class='ocrx_word' id='word_1_2' title='bbox 981 378 1225 430; x_wconf 86' lang='lat' dir='ltr'><em>REDDI</em></span> <span class='ocrx_word' id='word_1_3' title='bbox 1228 377 1318 427; x_wconf 86' lang='lat' dir='ltr'>TI.</span> 
     </span>
    </p>
   </div>
   <div class='ocr_carea' id='block_1_2' title="bbox 943 655 1053 704">
    <p class='ocr_par' dir='ltr' id='par_1_2' title="bbox 943 655 1053 704">
     <span class='ocr_line' id='line_1_2' title="bbox 943 655 1053 704; baseline 0.009 -1"><span class='ocrx_word' id='word_1_4' title='bbox 943 655 1053 704; x_wconf 86' lang='lat' dir='ltr'>XX.</span> 
     </span>
    </p>
   </div>
   <div class='ocr_carea' id='block_1_3' title="bbox 460 828 1532 894">
    <p class='ocr_par' dir='ltr' id='par_1_3' title="bbox 460 828 1532 894">
     <span class='ocr_line' id='line_1_3' title="bbox 460 828 1532 894; baseline -0.004 -15"><span class='ocrx_word' id='word_1_5' title='bbox 460 834 475 857; x_wconf 87' lang='lat'>‘</span> <span class='ocrx_word' id='word_1_6' title='bbox 490 829 747 894; x_wconf 75' lang='lat' dir='ltr'>Afferebant</span> <span class='ocrx_word' id='word_1_7' title='bbox 766 828 826 877; x_wconf 82' lang='lat' dir='ltr'>ad</span> <span class='ocrx_word' id='word_1_8' title='bbox 846 830 970 879; x_wconf 82' lang='lat' dir='ltr'>Eum</span> <span class='ocrx_word' id='word_1_9' title='bbox 989 845 1136 879; x_wconf 82' lang='lat' dir='ltr'>omnes</span> <span class='ocrx_word' id='word_1_10' title='bbox 1155 829 1271 878; x_wconf 77' lang='lat' dir='ltr'>male</span> <span class='ocrx_word' id='word_1_11' title='bbox 1293 828 1532 877; x_wconf 62' lang='lat' dir='ltr'>babentes)</span> 
     </span>
    </p>
   </div>
   <div class='ocr_carea' id='block_1_4' title="bbox 484 976 1440 1304">
    <p class='ocr_par' dir='ltr' id='par_1_4' title="bbox 484 976 1440 1304">
     <span class='ocr_line' id='line_1_4' title="bbox 484 976 1349 1067; baseline -0.003 -40"><span class='ocrx_word' id='word_1_12' title='bbox 484 978 686 1067; x_wconf 83' lang='lat' dir='ltr'><strong>OLIM</strong></span> <span class='ocrx_word' id='word_1_13' title='bbox 706 977 878 1026; x_wconf 81' lang='lat' dir='ltr'>efficaci</span> <span class='ocrx_word' id='word_1_14' title='bbox 899 976 977 1025; x_wconf 84' lang='lat' dir='ltr'>Tu</span> <span class='ocrx_word' id='word_1_15' title='bbox 999 986 1182 1040; x_wconf 87' lang='lat' dir='ltr'>poteras</span> <span class='ocrx_word' id='word_1_16' title='bbox 1202 992 1349 1025; x_wconf 86' lang='lat' dir='ltr'>manu</span> 
     </span>
     <span class='ocr_line' id='line_1_5' title="bbox 631 1065 1440 1129; baseline -0.002 -15"><span class='ocrx_word' id='word_1_17' title='bbox 631 1080 782 1114; x_wconf 86' lang='lat' dir='ltr'>arcere</span> <span class='ocrx_word' id='word_1_18' title='bbox 802 1065 1006 1123; x_wconf 78' lang='lat' dir='ltr'>morbos,</span> <span class='ocrx_word' id='word_1_19' title='bbox 1031 1066 1230 1129; x_wconf 85' lang='lat' dir='ltr'>imperio</span> <span class='ocrx_word' id='word_1_20' title='bbox 1251 1075 1299 1113; x_wconf 93' lang='lat' dir='ltr'>et</span> <span class='ocrx_word' id='word_1_21' title='bbox 1319 1065 1440 1112; x_wconf 87' lang='lat' dir='ltr'>mala</span> 
     </span>
     <span class='ocr_line' id='line_1_6' title="bbox 540 1151 1131 1216; baseline -0.002 -17"><span class='ocrx_word' id='word_1_22' title='bbox 540 1152 750 1200; x_wconf 85' lang='lat' dir='ltr'>humana</span> <span class='ocrx_word' id='word_1_23' title='bbox 768 1151 932 1199; x_wconf 83' lang='lat' dir='ltr'>divino</span> <span class='ocrx_word' id='word_1_24' title='bbox 951 1152 1131 1216; x_wconf 81' lang='lat' dir='ltr'>fugare,</span> 
     </span>
     <span class='ocr_line' id='line_1_7' title="bbox 601 1241 1368 1304; baseline -0.001 -16"><span class='ocrx_word' id='word_1_25' title='bbox 601 1241 770 1288; x_wconf 83' lang='lat' dir='ltr'>mortis</span> <span class='ocrx_word' id='word_1_26' title='bbox 789 1251 837 1289; x_wconf 87' lang='lat' dir='ltr'>et</span> <span class='ocrx_word' id='word_1_27' title='bbox 856 1254 1130 1303; x_wconf 84' lang='lat' dir='ltr'>exsuperare</span> <span class='ocrx_word' id='word_1_28' title='bbox 1152 1253 1368 1304; x_wconf 85' lang='lat' dir='ltr'>regnum.</span> 
     </span>
    </p>
   </div>
   <div class='ocr_carea' id='block_1_5' title="bbox 478 1409 1438 1740">
    <p class='ocr_par' dir='ltr' id='par_1_5' title="bbox 478 1409 1330 1563">
     <span class='ocr_line' id='line_1_8' title="bbox 478 1409 1274 1474; baseline -0.001 -15"><span class='ocrx_word' id='word_1_29' title='bbox 478 1411 618 1469; x_wconf 83' lang='lat' dir='ltr'>caeci,</span> <span class='ocrx_word' id='word_1_30' title='bbox 642 1410 851 1469; x_wconf 86' lang='lat' dir='ltr'>silentes,</span> <span class='ocrx_word' id='word_1_31' title='bbox 869 1420 917 1459; x_wconf 90' lang='lat' dir='ltr'>et</span> <span class='ocrx_word' id='word_1_32' title='bbox 934 1409 1138 1459; x_wconf 88' lang='lat' dir='ltr'>tremulo</span> <span class='ocrx_word' id='word_1_33' title='bbox 1159 1410 1274 1474; x_wconf 89' lang='lat' dir='ltr'>pede</span> 
     </span>
     <span class='ocr_line' id='line_1_9' title="bbox 479 1499 1330 1563; baseline 0 -16"><span class='ocrx_word' id='word_1_34' title='bbox 479 1499 651 1559; x_wconf 88' lang='lat' dir='ltr'>claudi,</span> <span class='ocrx_word' id='word_1_35' title='bbox 669 1499 913 1548; x_wconf 79' lang='lat' dir='ltr'>trahebant</span> <span class='ocrx_word' id='word_1_36' title='bbox 933 1513 1127 1563; x_wconf 84' lang='lat' dir='ltr'>corpora</span> <span class='ocrx_word' id='word_1_37' title='bbox 1145 1500 1330 1556; x_wconf 88' lang='lat' dir='ltr'>inertia,</span> 
     </span>
    </p>

    <p class='ocr_par' dir='ltr' id='par_1_6' title="bbox 494 1586 1438 1740">
     <span class='ocr_line' id='line_1_10' title="bbox 540 1586 1374 1651; baseline -0.001 -15"><span class='ocrx_word' id='word_1_38' title='bbox 540 1587 613 1636; x_wconf 88' lang='lat' dir='ltr'>En</span> <span class='ocrx_word' id='word_1_39' title='bbox 633 1589 645 1635; x_wconf 80' lang='grc' dir='ltr'>Ι</span> <span class='ocrx_word' id='word_1_40' title='bbox 676 1586 803 1635; x_wconf 79' lang='lat' dir='ltr'>febre</span> <span class='ocrx_word' id='word_1_41' title='bbox 822 1588 906 1651; x_wconf 88' lang='lat' dir='ltr'>qui</span> <span class='ocrx_word' id='word_1_42' title='bbox 926 1597 1209 1651; x_wconf 83' lang='lat' dir='ltr'><strong>torquentur</strong></span> <span class='ocrx_word' id='word_1_43' title='bbox 1228 1597 1374 1644; x_wconf 85' lang='lat' dir='ltr'>artus,</span> 
     </span>
     <span class='ocr_line' id='line_1_11' title="bbox 494 1671 1438 1740; baseline -0.002 -18"><span class='ocrx_word' id='word_1_44' title='bbox 494 1699 498 1704; x_wconf 89' lang='lat'><strong>·</strong></span> <span class='ocrx_word' id='word_1_45' title='bbox 602 1689 829 1740; x_wconf 84' lang='lat' dir='ltr'>aegraque</span> <span class='ocrx_word' id='word_1_46' title='bbox 847 1671 1057 1722; x_wconf 87' lang='lat' dir='ltr'>membra</span> <span class='ocrx_word' id='word_1_47' title='bbox 1075 1674 1233 1738; x_wconf 88' lang='lat' dir='ltr'>lepris,</span> <span class='ocrx_word' id='word_1_48' title='bbox 1257 1674 1438 1738; x_wconf 87' lang='lat' dir='ltr'>potenti</span> 
     </span>
    </p>
   </div>
   <div class='ocr_carea' id='block_1_6' title="bbox 478 1849 1333 2170">
    <p class='ocr_par' dir='ltr' id='par_1_7' title="bbox 478 1849 1333 2170">
     <span class='ocr_line' id='line_1_12' title="bbox 478 1849 1333 1916; baseline 0 -15"><span class='ocrx_word' id='word_1_49' title='bbox 478 1863 603 1901; x_wconf 82' lang='lat' dir='ltr'>tactu</span> <span class='ocrx_word' id='word_1_50' title='bbox 624 1850 867 1901; x_wconf 77' lang='lat' dir='ltr'>levantur:</span> <span class='ocrx_word' id='word_1_51' title='bbox 900 1867 996 1900; x_wconf 80' lang='lat' dir='ltr'>vox</span> <span class='ocrx_word' id='word_1_52' title='bbox 1016 1849 1122 1900; x_wconf 85' lang='lat' dir='ltr'>Tua</span> <span class='ocrx_word' id='word_1_53' title='bbox 1143 1851 1333 1916; x_wconf 87' lang='lat' dir='ltr'>cognita</span> 
     </span>
     <span class='ocr_line' id='line_1_13' title="bbox 478 1938 1183 2003; baseline -0.001 -16"><span class='ocrx_word' id='word_1_54' title='bbox 478 1938 661 1987; x_wconf 82' lang='lat' dir='ltr'>inferna</span> <span class='ocrx_word' id='word_1_55' title='bbox 680 1940 818 1986; x_wconf 78' lang='lat' dir='ltr'>iussis</span> <span class='ocrx_word' id='word_1_56' title='bbox 836 1940 945 1987; x_wconf 86' lang='lat' dir='ltr'>eicit</span> <span class='ocrx_word' id='word_1_57' title='bbox 964 1939 1153 2003; x_wconf 89' lang='lat' dir='ltr'>agmina</span> <span class='ocrx_word' id='word_1_58' title='bbox 1169 1955 1183 1996; x_wconf 90' lang='lat'>;</span> 
     </span>
     <span class='ocr_line' id='line_1_14' title="bbox 539 2025 1256 2090; baseline 0.003 -18"><span class='ocrx_word' id='word_1_59' title='bbox 539 2026 680 2074; x_wconf 84' lang='lat' dir='ltr'>verbo</span> <span class='ocrx_word' id='word_1_60' title='bbox 699 2025 941 2090; x_wconf 76' lang='lat' dir='ltr'>fugantur,</span> <span class='ocrx_word' id='word_1_61' title='bbox 959 2028 1025 2074; x_wconf 87' lang='lat' dir='ltr'>sic</span> <span class='ocrx_word' id='word_1_62' title='bbox 1043 2027 1256 2074; x_wconf 78' lang='lat' dir='ltr'>iuventas</span> 
     </span>
     <span class='ocr_line' id='line_1_15' title="bbox 600 2112 1208 2170; baseline -0.002 -10"><span class='ocrx_word' id='word_1_63' title='bbox 600 2113 763 2170; x_wconf 76' lang='lat' dir='ltr'>enitet,</span> <span class='ocrx_word' id='word_1_64' title='bbox 786 2122 833 2160; x_wconf 89' lang='lat' dir='ltr'>et</span> <span class='ocrx_word' id='word_1_65' title='bbox 852 2112 1001 2160; x_wconf 79' lang='lat' dir='ltr'>rabies</span> <span class='ocrx_word' id='word_1_66' title='bbox 1019 2112 1208 2160; x_wconf 81' lang='lat' dir='ltr'>recedit.</span> 
     </span>
    </p>
   </div>
   <div class='ocr_carea' id='block_1_7' title="bbox 475 2288 1386 2616">
    <p class='ocr_par' dir='ltr' id='par_1_8' title="bbox 475 2288 1371 2440">
     <span class='ocr_line' id='line_1_16' title="bbox 476 2288 1371 2352; baseline -0.002 -14"><span class='ocrx_word' id='word_1_67' title='bbox 476 2288 656 2348; x_wconf 78' lang='lat' dir='ltr'>accede,</span> <span class='ocrx_word' id='word_1_68' title='bbox 679 2290 804 2347; x_wconf 88' lang='lat' dir='ltr'>Iesu,</span> <span class='ocrx_word' id='word_1_69' title='bbox 828 2302 957 2336; x_wconf 86' lang='lat' dir='ltr'>nune</span> <span class='ocrx_word' id='word_1_70' title='bbox 978 2289 1170 2346; x_wconf 86' lang='lat' dir='ltr'>iterum,</span> <span class='ocrx_word' id='word_1_71' title='bbox 1192 2303 1371 2352; x_wconf 80' lang='lat' dir='ltr'>precor,</span> 
     </span>
     <span class='ocr_line' id='line_1_17' title="bbox 475 2374 1340 2440; baseline -0.002 -17"><span class='ocrx_word' id='word_1_72' title='bbox 475 2387 522 2423; x_wconf 92' lang='lat' dir='ltr'>et</span> <span class='ocrx_word' id='word_1_73' title='bbox 541 2374 853 2440; x_wconf 71' lang='lat' dir='ltr'>supplicantes</span> <span class='ocrx_word' id='word_1_74' title='bbox 873 2375 1195 2437; x_wconf 82' lang='lat' dir='ltr'>Omnipotens</span> <span class='ocrx_word' id='word_1_75' title='bbox 1214 2375 1340 2432; x_wconf 78' lang='lat' dir='ltr'>iuva,</span> 
     </span>
    </p>

    <p class='ocr_par' dir='ltr' id='par_1_9' title="bbox 534 2459 1386 2525">
     <span class='ocr_line' id='line_1_18' title="bbox 534 2459 1386 2525; baseline -0.006 -12"><span class='ocrx_word' id='word_1_76' title='bbox 534 2464 829 2513; x_wconf 72' lang='lat' dir='ltr'>Genneeerae</span> <span class='ocrx_word' id='word_1_77' title='bbox 850 2471 903 2509; x_wconf 91' lang='lat' dir='ltr'>ut</span> <span class='ocrx_word' id='word_1_78' title='bbox 922 2459 1163 2525; x_wconf 80' lang='lat' dir='ltr'>quondam</span> <span class='ocrx_word' id='word_1_79' title='bbox 1182 2475 1264 2524; x_wconf 86' lang='lat' dir='ltr'>per</span> <span class='ocrx_word' id='word_1_80' title='bbox 1283 2475 1386 2509; x_wconf 85' lang='lat' dir='ltr'>oras</span> 
     </span>
    </p>

    <p class='ocr_par' dir='ltr' id='par_1_10' title="bbox 595 2548 1375 2616">
     <span class='ocr_line' id='line_1_19' title="bbox 595 2548 1375 2616; baseline -0.003 -17"><span class='ocrx_word' id='word_1_81' title='bbox 595 2550 874 2616; x_wconf 74' lang='lat' dir='ltr'>pauperibus</span> <span class='ocrx_word' id='word_1_82' title='bbox 894 2549 1168 2613; x_wconf 88' lang='lat' dir='ltr'>miserisque</span> <span class='ocrx_word' id='word_1_83' title='bbox 1189 2548 1375 2612; x_wconf 80' lang='lat' dir='ltr'>plenam</span> 
     </span>
    </p>
   </div>
   <div class='ocr_carea' id='block_1_8' title="bbox 472 2727 1378 2792">
    <p class='ocr_par' dir='ltr' id='par_1_11' title="bbox 472 2727 1378 2792">
     <span class='ocr_line' id='line_1_20' title="bbox 472 2727 1378 2792; baseline -0.002 -16"><span class='ocrx_word' id='word_1_84' title='bbox 472 2727 611 2776; x_wconf 75' lang='lat' dir='ltr'>dabas</span> <span class='ocrx_word' id='word_1_85' title='bbox 629 2727 856 2776; x_wconf 83' lang='lat' dir='ltr'>salutem:</span> <span class='ocrx_word' id='word_1_86' title='bbox 890 2741 972 2792; x_wconf 86' lang='lat' dir='ltr'>per</span> <span class='ocrx_word' id='word_1_87' title='bbox 992 2728 1239 2791; x_wconf 83' lang='lat' dir='ltr'>strepitum</span> <span class='ocrx_word' id='word_1_88' title='bbox 1258 2727 1378 2785; x_wconf 76' lang='lat' dir='ltr'>viae,</span> 
     </span>
    </p>
   </div>
   <div class='ocr_carea' id='block_1_9' title="bbox 472 2813 1537 2879">
    <p class='ocr_par' dir='ltr' id='par_1_12' title="bbox 472 2813 1537 2879">
     <span class='ocr_line' id='line_1_21' title="bbox 472 2813 1537 2879; baseline -0.003 -16"><span class='ocrx_word' id='word_1_89' title='bbox 472 2813 657 2863; x_wconf 75' lang='lat' dir='ltr'>turbam</span> <span class='ocrx_word' id='word_1_90' title='bbox 676 2824 723 2862; x_wconf 88' lang='lat' dir='ltr'>et</span> <span class='ocrx_word' id='word_1_91' title='bbox 741 2813 1051 2879; x_wconf 80' lang='lat' dir='ltr'>frequentem,</span> <span class='ocrx_word' id='word_1_92' title='bbox 1074 2828 1169 2861; x_wconf 75' lang='lat' dir='ltr'>vox</span> <span class='ocrx_word' id='word_1_93' title='bbox 1189 2822 1399 2876; x_wconf 85' lang='lat' dir='ltr'>penetret</span> <span class='ocrx_word' id='word_1_94' title='bbox 1417 2813 1537 2872; x_wconf 85' lang='lat' dir='ltr'>Tua,</span> 
     </span>
    </p>
   </div>
   <div class='ocr_carea' id='block_1_10' title="bbox 532 2901 1348 3054">
    <p class='ocr_par' dir='ltr' id='par_1_13' title="bbox 532 2901 1348 3054">
     <span class='ocr_line' id='line_1_22' title="bbox 532 2901 1182 2966; baseline -0.003 -15"><span class='ocrx_word' id='word_1_95' title='bbox 532 2903 623 2951; x_wconf 87' lang='lat' dir='ltr'>tori</span> <span class='ocrx_word' id='word_1_96' title='bbox 645 2902 845 2966; x_wconf 84' lang='lat' dir='ltr'>inquieti</span> <span class='ocrx_word' id='word_1_97' title='bbox 867 2902 931 2950; x_wconf 89' lang='lat' dir='ltr'>sis</span> <span class='ocrx_word' id='word_1_98' title='bbox 949 2901 1182 2960; x_wconf 75' lang='lat' dir='ltr'>levamen,</span> 
     </span>
     <span class='ocr_line' id='line_1_23' title="bbox 594 2987 1348 3054; baseline -0.001 -17"><span class='ocrx_word' id='word_1_99' title='bbox 594 2987 895 3054; x_wconf 86' lang='lat' dir='ltr'>membraque</span> <span class='ocrx_word' id='word_1_100' title='bbox 913 2991 1143 3037; x_wconf 81' lang='lat' dir='ltr'>sustineas</span> <span class='ocrx_word' id='word_1_101' title='bbox 1159 2987 1348 3037; x_wconf 78' lang='lat' dir='ltr'>caduca.</span> 
     </span>
    </p>
   </div>
   <div class='ocr_carea' id='block_1_11' title="bbox 1637 377 1703 439">
    <p class='ocr_par' dir='ltr' id='par_1_14' title="bbox 1637 377 1703 439">
     <span class='ocr_line' id='line_1_24' title="bbox 1637 377 1703 439; baseline 0 0"><span class='ocrx_word' id='word_1_102' title='bbox 1637 377 1703 439; x_wconf 86' lang='grc'>67</span> 
     </span>
    </p>
   </div>
  </div>
 </body>
</html>
