2242 3725
671 337 765 387 LA
777 336 959 387 TINE
993 335 1237 386 REDDI
1241 334 1334 385 TI.
1643 343 1706 397 55

937 612 1073 660 XVI.

299 780 313 801 ‘
330 774 426 823 Nec
437 775 556 821 enim
573 773 700 821 aliud
716 789 870 822 nomen
881 779 944 822 est
960 775 1010 821 in
1023 789 1108 837 quo
1119 778 1311 837 oporteat
1323 787 1399 821 nos
1417 773 1555 820 salvos
1565 773 1709 835 fieri!

368 935 552 1022 CUM
577 935 802 999 languent
828 936 1012 983 animae
1034 938 1176 993 vires,
1205 948 1251 984 et
1276 938 1506 1000 sanguine
1532 935 1637 983 fuso

486 1021 690 1086 plurima
715 1023 925 1070 transfixi
951 1022 1147 1071 vulnera
1173 1023 1325 1071 cordis
1349 1024 1498 1081 hiant,

369 1124 464 1157 una
489 1124 657 1157 manus
682 1111 826 1167 sonti,
854 1125 1025 1158 manus
1053 1121 1101 1159 et
1128 1125 1213 1158 sua
1236 1110 1432 1158 vulnera
1456 1122 1657 1175 gestans,

428 1197 664 1254 subvenit,
691 1207 739 1245 et
767 1196 925 1261 plagas
949 1197 1047 1245 sola
1073 1197 1227 1245 levare
1251 1208 1419 1261 potest.

362 1372 474 1403 cum
498 1356 718 1420 gravibus
743 1358 952 1421 quatitur
975 1369 1137 1421 pectus
1162 1358 1448 1423 singultibus
1470 1373 1680 1423 aegrum,

426 1455 472 1491 et
498 1444 713 1491 lacrimae
737 1424 878 1507 pleno
902 1444 1033 1492 fonte
1057 1444 1232 1493 doloris
1258 1456 1390 1503 eunt,

363 1530 489 1579 cordi
514 1532 618 1587 uni,
646 1528 773 1577 cordi
798 1532 1003 1579 contrito
1027 1531 1089 1578 ob
1116 1532 1316 1579 crimina
1340 1532 1526 1589 mundi,

427 1633 656 1667 maerores
682 1629 876 1667 sontum
901 1620 1173 1682 participare
1197 1618 1348 1667 datur.

364 1790 475 1823 cum
501 1775 681 1824 facinus
704 1773 896 1823 foedum
921 1774 1038 1823 fletu
1065 1775 1304 1839 ploramus
1329 1776 1479 1833 inani,

425 1873 474 1911 et
499 1864 724 1927 sprevisse
748 1863 876 1911 dolet
900 1866 1024 1912 iussa
1045 1864 1253 1928 benigna
1278 1864 1386 1921 Dei,

365 1952 537 1998 unicus
561 1966 621 1999 en
647 1953 794 2009 rivus,
822 1953 952 1998 rivus
975 1953 1058 2016 qui
1087 1965 1280 2015 corpore
1304 1951 1414 1999 fisso

427 2038 612 2094 emicat,
641 2038 914 2086 immundos
935 2037 1072 2087 fonte
1096 2039 1250 2086 lavare
1274 2038 1416 2085 valet.

362 2194 560 2241 crimina
583 2203 743 2242 nostra
767 2209 895 2243 sacro
918 2194 1178 2243 lustrantur
1205 2195 1435 2259 sanguine
1462 2193 1657 2250 Christi,

427 2281 512 2330 Ille
537 2296 682 2329 manu
707 2281 844 2329 nobis
869 2283 1042 2346 sospite
1068 2281 1257 2346 praebet
1281 2296 1437 2345 opem,

358 2370 527 2433 gaudia
550 2380 709 2417 nostra
737 2369 899 2417 Tuum
922 2380 1189 2435 pertentant
1214 2381 1392 2434 pectus,
1420 2371 1546 2427 Iesu,

427 2470 474 2507 et
503 2469 663 2506 nostro
687 2459 930 2516 miserans,
958 2460 1065 2523 Ipse
1093 2459 1254 2506 dolore
1278 2457 1427 2506 doles.

366 2614 570 2671 Christe,
596 2614 724 2662 Tuas
746 2613 923 2677 palmas
948 2614 1086 2661 nobis
1111 2614 1360 2678 praetende
1385 2622 1619 2668 cruenta,

426 2700 717 2765 lymphaque
741 2701 799 2749 de
821 2701 972 2758 venis,
1001 2701 1233 2764 sanguine
1258 2700 1423 2755 mixta,
1450 2697 1614 2752 cadat3

364 2785 581 2834 confosso
604 2788 656 2835 in
681 2788 863 2852 gremio
888 2787 1088 2835 Domini
1117 2801 1357 2834 servamur
1381 2787 1433 2833 in
1457 2799 1643 2840 aevum,

428 2877 505 2923 hic
530 2885 668 2925 restat
693 2874 831 2923 nobis
857 2875 955 2923 sola
977 2873 1153 2923 latebra
1176 2874 1325 2922 Deus.
