2242 3725
638 305 731 357 LA
742 305 820 355 TI
819 305 922 356 NE
956 304 1201 355 REDDI
1203 303 1294 354 TI.

925 576 1012 624 IX.

412 720 427 741 ‘
447 712 513 761 Et
539 713 730 761 nmndus
756 714 936 772 transit,
964 718 1008 760 et
1029 714 1370 777 concupiscentia
1396 714 1523 761 eius!

460 850 604 934 IAM
631 863 777 913 pauca
801 863 942 896 cursu
972 858 1183 912 tempora
1204 863 1415 915 praepete

536 936 770 994 labentur,
799 937 936 983 annis
961 937 1379 1000 praetereuntibus»,

579 1035 626 1073 et
650 1039 738 1072 nos
764 1026 968 1072 iacentes
991 1039 1102 1072 cum
1130 1024 1324 1088 sepultis

641 1121 761 1159 terra
787 1117 915 1174 teget
941 1110 1130 1158 tumulo
1151 1110 1324 1159 silenti.

453 1199 559 1246 Iesu
580 1198 592 1245 l
625 1206 830 1262 paratam
855 1196 936 1244 des
959 1197 1183 1255 animam,
1212 1212 1390 1261 precor,

453 1301 563 1333 cum
591 1300 774 1333 summa
799 1285 935 1332 saecli
965 1300 1137 1349 magna
1161 1285 1307 1334 aderit
1331 1286 1446 1344 dieo,

579 1372 626 1419 O
651 1370 781 1419 fonte
807 1385 979 1417 merses
995 1385 1071 1418 me
1095 1372 1258 1419 sacrati

639 1458 911 1521 Sanguinis,
938 1467 987 1504 et
1014 1456 1221 1505 maculas
1245 1472 1457 1522 repurga.

453 1596 656 1645 paucum
679 1581 863 1629 dierum
887 1591 994 1644 post
1019 1582 1222 1645 spatium
1245 1581 1401 1641 breve,

454 1668 638 1716 clausus
665 1668 868 1716 tenebris
894 1667 966 1715 sol
986 1678 1126 1732 caput
1151 1668 1352 1728 occulet,

576 1754 673 1813 sed,
698 1755 803 1802 luce
826 1754 936 1802 solis
958 1769 1058 1802 non
1082 1766 1290 1819 egenteS,

636 1855 724 1890 nos
749 1842 877 1906 regio
902 1841 1099 1905 excipiet
1126 1855 1304 1892 serena.

454 1930 562 1976 Iesu
582 1930 594 1976 1
628 1940 833 1992 paratam
859 1928 940 1975 des
966 1929 1190 1986 animam,
1220 1943 1398 1992 precor,

453 2031 564 2064 cum
591 2031 775 2064 summa
799 2016 935 2064 saecli
959 2016 1078 2064 laeta
1104 2016 1251 2066 aderit
1276 2017 1391 2077 dieS,

578 2105 624 2153 Ο
648 2105 779 2153 fonte
802 2120 977 2153 merses
1003 2121 1081 2152 me
1104 2107 1268 2154 sacrati

639 2193 909 2258 Sanguinis,
932 2203 979 2242 et
1002 2193 1206 2242 maculas
1233 2209 1445 2260 repurga.

451 2331 624 2380 paucae
648 2316 875 2380 procellae
901 2318 1016 2365 haec
1041 2317 1183 2367 litora·
1202 2319 1439 2382 inhospita

453 2418 614 2452 saxosa
635 2405 852 2463 tundent,
881 2405 961 2452 sed
988 2406 1090 2454 loca
1114 2421 1203 2454 nos
1226 2417 1420 2455 manent

577 2495 751 2556 quieta,
774 2508 894 2557 quae
921 2508 1009 2541 nec
1035 2496 1108 2542 vis
1133 2495 1375 2558 procellae,

641 2594 728 2628 nec
751 2581 892 2628 maris
916 2582 1118 2644 exagitat
1142 2581 1397 2630 tumultus.

455 2669 562 2715 Iesu
583 2667 595 2715 1
630 2678 835 2730 paratam
855 2668 937 2716 des
961 2669 1185 2726 animam,
1207 2684 1386 2733 precor,

453 2767 567 2800 cum
591 2768 777 2801 summa
803 2753 939 2801 saecli
965 2769 1081 2817 pura
1104 2755 1251 2803 aderit
1278 2755 1395 2812 dies,

582 2841 628 2889 O
657 2841 788 2889 fonte
808 2856 980 2889 merses
1003 2857 1080 2890 me
1104 2845 1266 2891 sacrati

648 2927 919 2990 Sanguinis,
949 2937 996 2975 et
1011 2929 1217 2976 maculas
1242 2943 1454 2992 repurga.

1469 3011 1505 3052 C

1603 316 1667 367 33
