2242 3725
672 344 1261 401 TRANSLATIONS.
1566 358 1660 412 139

258 528 385 562 mors
404 513 515 563 licet
535 516 798 574 immineat,
820 515 985 563 vitales
1004 515 1242 579 carpimus
1263 528 1411 573 aum,

257 600 373 664 quid
391 601 530 650 refert
551 615 612 650 an
630 603 681 652 vi
700 603 777 651 vel
798 602 963 652 morbo
983 602 1259 651 occumbere
1278 600 1414 651 detur
1429 602 1452 648 Ρ

255 687 345 735 iste
364 688 506 736 miser
524 702 707 752 repens,
730 690 879 737 macie
899 688 1141 737 confectus
1161 687 1318 746 inerti,

256 774 593 840 adstrictusque
612 787 733 834 toro,
756 776 926 840 longos
944 786 1195 825 marcescat
1213 776 1265 824 in
1285 789 1452 833 annos,

256 875 396 929 atque
415 879 551 929 aegre
570 867 750 930 spirans
768 876 905 914 nutet
924 866 1104 913 cervice
1122 865 1343 913 trementi
1362 880 1376 923 3

255 952 454 1014 caespite
474 965 563 999 noe
581 950 739 1009 viridi,
765 965 863 999 non
882 950 1006 1000 lecto
1023 952 1279 1000 sternimur
1299 964 1456 1015 aegro.

255 1038 433 1087 tardius
452 1040 629 1104 aegroti
649 1038 898 1103 singultim
919 1040 1019 1088 vita
1038 1039 1232 1097 recedit,

255 1136 418 1175 nostra
435 1126 561 1190 fugit
581 1125 721 1184 saltu,
746 1140 937 1191 seseque
959 1125 1162 1174 effundit
1181 1127 1234 1173 in
1256 1142 1389 1175 auras
1410 1143 1424 1184 ;

254 1216 338 1264 ine
357 1216 550 1281 quidem
570 1226 773 1281 angusto
794 1216 982 1264 tumulo
1003 1231 1052 1265 se
1074 1218 1214 1266 iactet
1233 1228 1280 1266 et
1300 1232 1436 1274 urna,

254 1305 341 1368 qui
361 1305 527 1352 vivum
546 1301 767 1361 oderunt,
790 1314 1008 1367 spargant
1026 1318 1158 1352 nunc
1177 1303 1292 1352 flore
1310 1304 1533 1361 favillam,

253 1390 495 1455 ploramus
517 1389 720 1438 lacrimis
739 1390 879 1448 veria,
904 1405 1015 1438 cum
1036 1405 1230 1455 corpora
1249 1406 1353 1439 cara

253 1478 427 1541 accipit
448 1477 684 1535 Oceanus,
708 1477 981 1541 gremioque
1002 1477 1300 1540 amplectitur
1320 1493 1440 1527 ossa.

252 1566 356 1628 ipsa
374 1563 536 1612 ferunt
556 1563 696 1612 nobis
715 1564 857 1612 etiam
877 1564 1095 1611 convivia
1114 1564 1315 1623 luctum,

256 1652 428 1716 pocula
446 1652 564 1699 dum
584 1665 814 1700 memores
835 1651 1080 1699 haurimus
1099 1653 1301 1717 pinguia
1320 1664 1494 1711 inuste,

257 1751 365 1787 tum
386 1738 601 1803 praedam
623 1749 678 1787 ut
696 1737 886 1787 tandem
906 1740 1059 1786 socios
1078 1741 1307 1803 partimur
1327 1741 1379 1789 in
1400 1748 1615 1798 omnem?
1650 1749 1653 1752 '

259 1825 396 1875 laude
416 1826 547 1874 brevi
568 1826 733 1875 heroas
751 1824 951 1874 colimus
971 1825 1221 1874 minitante
1244 1826 1434 1891 periclo,

257 1925 306 1962 et
326 1914 525 1961 memori
545 1913 678 1961 luctu
698 1911 964 1960 funduntur
986 1913 1147 1960 inania
1167 1923 1294 1971 vota,
1376 1928 1379 1931 ·

261 2007 275 2028 ‘
299 2000 367 2058 Ο,
390 1999 532 2048 fortes
552 1999 751 2056 animae,
775 1996 952 2046 crudeli
974 2008 1126 2044 morte
1146 2010 1426 2062 peremptae,

261 2094 276 2114 ‘
296 2086 366 2135 fas
385 2087 569 2134 utinam
587 2084 721 2133 vobis
742 2094 903 2133 nostro
923 2082 1126 2148 gaudere
1146 2084 1419 2149 triumpho!
1443 2086 1456 2106 ’
