<?xml version="1.0" encoding="UTF-8"?>
<!DOCTYPE html PUBLIC "-//W3C//DTD XHTML 1.0 Transitional//EN"
    "http://www.w3.org/TR/xhtml1/DTD/xhtml1-transitional.dtd">
<html xmlns="http://www.w3.org/1999/xhtml" xml:lang="en" lang="en">
 <head>
  <title>
</title>
<meta http-equiv="Content-Type" content="text/html;charset=utf-8" />
  <meta name='ocr-system' content='tesseract 3.04.00' />
  <meta name='ocr-capabilities' content='ocr_page ocr_carea ocr_par ocr_line ocrx_word'/>
</head>
<body>
  <div class='ocr_page' id='page_1' title='image "./hymniusitatilat00lawsgoog_0165.png"; bbox 0 0 2242 3725; ppageno 0'>
   <div class='ocr_carea' id='block_1_1' title="bbox 515 285 1430 351">
    <p class='ocr_par' dir='ltr' id='par_1_1' title="bbox 515 285 1430 351">
     <span class='ocr_line' id='line_1_1' title="bbox 515 285 1430 351; baseline 0.015 -14"><span class='ocrx_word' id='word_1_1' title='bbox 515 285 745 341; x_wconf 88' lang='lat' dir='ltr'><strong><em>LINES</em></strong></span> <span class='ocrx_word' id='word_1_2' title='bbox 783 291 877 344; x_wconf 80' lang='lat' dir='ltr'><em>To</em></span> <span class='ocrx_word' id='word_1_3' title='bbox 915 293 1067 345; x_wconf 87' lang='lat' dir='ltr'><em>THE</em></span> <span class='ocrx_word' id='word_1_4' title='bbox 1100 298 1430 351; x_wconf 85' lang='lat' dir='ltr'><strong><em>AUTHOR.</em></strong></span> 
     </span>
    </p>
   </div>
   <div class='ocr_carea' id='block_1_2' title="bbox 446 450 1446 1915">
    <p class='ocr_par' dir='ltr' id='par_1_2' title="bbox 446 450 1446 1915">
     <span class='ocr_line' id='line_1_2' title="bbox 587 450 1238 525; baseline 0.015 -26"><span class='ocrx_word' id='word_1_5' title='bbox 587 450 779 502; x_wconf 77' lang='lat' dir='ltr'><em>decedere</em></span> <span class='ocrx_word' id='word_1_6' title='bbox 803 457 1079 521; x_wconf 73' lang='lat' dir='ltr'><em>indignatus,</em></span> <span class='ocrx_word' id='word_1_7' title='bbox 1106 464 1238 525; x_wconf 82' lang='lat' dir='ltr'><em>atqui</em></span> 
     </span>
     <span class='ocr_line' id='line_1_3' title="bbox 645 537 1446 607; baseline 0.017 -22"><span class='ocrx_word' id='word_1_8' title='bbox 645 555 734 587; x_wconf 78' lang='lat' dir='ltr'><em>non</em></span> <span class='ocrx_word' id='word_1_9' title='bbox 758 546 993 607; x_wconf 78' lang='lat' dir='ltr'><em>strepitum</em></span> <span class='ocrx_word' id='word_1_10' title='bbox 1016 550 1167 597; x_wconf 82' lang='lat' dir='ltr'><em>minus</em></span> <span class='ocrx_word' id='word_1_11' title='bbox 1195 537 1446 598; x_wconf 83' lang='lat' dir='ltr'><em>insolentem</em></span> 
     </span>
     <span class='ocr_line' id='line_1_4' title="bbox 447 620 1412 699; baseline 0.02 -32"><span class='ocrx_word' id='word_1_12' title='bbox 447 620 548 683; x_wconf 82' lang='lat' dir='ltr'><em>fert</em></span> <span class='ocrx_word' id='word_1_13' title='bbox 570 624 696 672; x_wconf 86' lang='lat' dir='ltr'><em>Diva</em></span> <span class='ocrx_word' id='word_1_14' title='bbox 714 643 731 674; x_wconf 87' lang='lat'><em>.·</em></span> <span class='ocrx_word' id='word_1_15' title='bbox 763 630 933 678; x_wconf 86' lang='lat' dir='ltr'><em>Divam</em></span> <span class='ocrx_word' id='word_1_16' title='bbox 950 636 1235 699; x_wconf 80' lang='lat' dir='ltr'><em>prosequitur</em></span> <span class='ocrx_word' id='word_1_17' title='bbox 1258 637 1412 684; x_wconf 81' lang='lat' dir='ltr'><em>chorus</em></span> 
     </span>
     <span class='ocr_line' id='line_1_5' title="bbox 459 707 1300 783; baseline 0.023 -29"><span class='ocrx_word' id='word_1_18' title='bbox 459 707 718 771; x_wconf 80' lang='lat' dir='ltr'><em>Musarum,</em></span> <span class='ocrx_word' id='word_1_19' title='bbox 745 717 900 765; x_wconf 82' lang='lat' dir='ltr'><em>acerba</em></span> <span class='ocrx_word' id='word_1_20' title='bbox 921 735 1010 767; x_wconf 78' lang='lat' dir='ltr'><em>non</em></span> <span class='ocrx_word' id='word_1_21' title='bbox 1032 722 1128 770; x_wconf 77' lang='lat' dir='ltr'><em>sine</em></span> <span class='ocrx_word' id='word_1_22' title='bbox 1152 724 1300 783; x_wconf 77' lang='lat' dir='ltr'><em>nenia,</em></span> 
     </span>
     <span class='ocr_line' id='line_1_6' title="bbox 581 797 1356 872; baseline 0.023 -28"><span class='ocrx_word' id='word_1_23' title='bbox 581 797 734 861; x_wconf 82' lang='lat' dir='ltr'><em>lugens</em></span> <span class='ocrx_word' id='word_1_24' title='bbox 761 803 1029 868; x_wconf 83' lang='lat' dir='ltr'><em>inexpletum</em></span> <span class='ocrx_word' id='word_1_25' title='bbox 1053 811 1184 872; x_wconf 82' lang='lat' dir='ltr'><em>quod,</em></span> <span class='ocrx_word' id='word_1_26' title='bbox 1214 813 1356 861; x_wconf 84' lang='lat' dir='ltr'><em>ebeul</em></span> 
     </span>
     <span class='ocr_line' id='line_1_7' title="bbox 641 887 1362 956; baseline 0.022 -24"><span class='ocrx_word' id='word_1_27' title='bbox 641 887 701 933; x_wconf 89' lang='lat' dir='ltr'><em>sit</em></span> <span class='ocrx_word' id='word_1_28' title='bbox 711 895 714 898; x_wconf 76' lang='grc'><strong>’</strong></span> <span class='ocrx_word' id='word_1_29' title='bbox 717 892 877 950; x_wconf 86' lang='lat' dir='ltr'><em>patria</em></span> <span class='ocrx_word' id='word_1_30' title='bbox 891 892 1166 956; x_wconf 79' lang='lat' dir='ltr'><em>fugiendum</em></span> <span class='ocrx_word' id='word_1_31' title='bbox 1192 905 1362 948; x_wconf 86' lang='lat' dir='ltr'><em>amata.</em></span> 
     </span>
     <span class='ocr_line' id='line_1_8' title="bbox 456 971 1354 1041; baseline 0.021 -26"><span class='ocrx_word' id='word_1_32' title='bbox 456 974 507 1016; x_wconf 88' lang='lat' dir='ltr'><em>at</em></span> <span class='ocrx_word' id='word_1_33' title='bbox 519 971 680 1034; x_wconf 85' lang='lat' dir='ltr'><em>fallor,</em></span> <span class='ocrx_word' id='word_1_34' title='bbox 710 980 760 1023; x_wconf 88' lang='lat' dir='ltr'><em>at</em></span> <span class='ocrx_word' id='word_1_35' title='bbox 782 993 852 1025; x_wconf 88' lang='lat' dir='ltr'><em>me</em></span> <span class='ocrx_word' id='word_1_36' title='bbox 870 979 975 1041; x_wconf 85' lang='lat' dir='ltr'><em>plus</em></span> <span class='ocrx_word' id='word_1_37' title='bbox 999 982 1141 1030; x_wconf 80' lang='lat' dir='ltr'><em>nimio</em></span> <span class='ocrx_word' id='word_1_38' title='bbox 1165 987 1354 1034; x_wconf 72' lang='lat' dir='ltr'><em>mium</em></span> 
     </span>
     <span class='ocr_line' id='line_1_9' title="bbox 458 1064 1274 1134; baseline 0.02 -30"><span class='ocrx_word' id='word_1_39' title='bbox 458 1073 578 1105; x_wconf 85' lang='lat' dir='ltr'><em>mens</em></span> <span class='ocrx_word' id='word_1_40' title='bbox 600 1074 718 1108; x_wconf 85' lang='lat' dir='ltr'><em>vana</em></span> <span class='ocrx_word' id='word_1_41' title='bbox 742 1064 872 1112; x_wconf 82' lang='lat' dir='ltr'><em>inani</em></span> <span class='ocrx_word' id='word_1_42' title='bbox 896 1071 1031 1115; x_wconf 88' lang='lat' dir='ltr'><em>terret</em></span> <span class='ocrx_word' id='word_1_43' title='bbox 1057 1069 1274 1134; x_wconf 76' lang='lat' dir='ltr'><strong><em>imagine,</em></strong></span> 
     </span>
     <span class='ocr_line' id='line_1_10' title="bbox 575 1149 1418 1212; baseline 0.019 -21"><span class='ocrx_word' id='word_1_44' title='bbox 575 1158 765 1209; x_wconf 80' lang='lat' dir='ltr'><em>namque</em></span> <span class='ocrx_word' id='word_1_45' title='bbox 789 1149 883 1212; x_wconf 85' lang='lat' dir='ltr'><em>ipsa</em></span> <span class='ocrx_word' id='word_1_46' title='bbox 906 1153 1272 1206; x_wconf 80' lang='lat' dir='ltr'><em>iucundissimum</em></span> <span class='ocrx_word' id='word_1_47' title='bbox 1297 1160 1418 1208; x_wconf 84' lang='lat' dir='ltr'><em>ultro</em></span> 
     </span>
     <span class='ocr_line' id='line_1_11' title="bbox 641 1233 1414 1307; baseline 0.019 -27"><span class='ocrx_word' id='word_1_48' title='bbox 641 1233 776 1282; x_wconf 82' lang='lat' dir='ltr'><em>Musa</em></span> <span class='ocrx_word' id='word_1_49' title='bbox 803 1235 884 1284; x_wconf 81' lang='lat' dir='ltr'><em>dat</em></span> <span class='ocrx_word' id='word_1_50' title='bbox 908 1243 1151 1303; x_wconf 75' lang='lat' dir='ltr'><em>augurium</em></span> <span class='ocrx_word' id='word_1_51' title='bbox 1174 1247 1379 1307; x_wconf 74' lang='lat' dir='ltr'><em>querenti</em></span> <span class='ocrx_word' id='word_1_52' title='bbox 1396 1263 1414 1303; x_wconf 81' lang='lat'><em>,-</em></span> 
     </span>
     <span class='ocr_line' id='line_1_12' title="bbox 455 1318 1340 1393; baseline 0.023 -31"><span class='ocrx_word' id='word_1_53' title='bbox 455 1318 520 1364; x_wconf 88' lang='lat' dir='ltr'><em>sic</em></span> <span class='ocrx_word' id='word_1_54' title='bbox 530 1318 875 1381; x_wconf 79' lang='lat' dir='ltr'><em>fata-mollem</em></span> <span class='ocrx_word' id='word_1_55' title='bbox 890 1333 1004 1389; x_wconf 80' lang='lat' dir='ltr'><em>pone</em></span> <span class='ocrx_word' id='word_1_56' title='bbox 1027 1335 1213 1391; x_wconf 88' lang='lat' dir='ltr'><em>metum,</em></span> <span class='ocrx_word' id='word_1_57' title='bbox 1239 1334 1340 1393; x_wconf 83' lang='lat' dir='ltr'><em>tibi,</em></span> 
     </span>
     <span class='ocr_line' id='line_1_13' title="bbox 451 1407 1196 1479; baseline 0.021 -29"><span class='ocrx_word' id='word_1_58' title='bbox 451 1419 526 1462; x_wconf 78' lang='lat' dir='ltr'><em>en,</em></span> <span class='ocrx_word' id='word_1_59' title='bbox 557 1407 634 1453; x_wconf 88' lang='lat' dir='ltr'><em>vir</em></span> <span class='ocrx_word' id='word_1_60' title='bbox 655 1411 803 1471; x_wconf 79' lang='lat' dir='ltr'><em>sagaci</em></span> <span class='ocrx_word' id='word_1_61' title='bbox 824 1414 1000 1461; x_wconf 82' lang='lat' dir='ltr'><em>consilio</em></span> <span class='ocrx_word' id='word_1_62' title='bbox 1020 1419 1196 1479; x_wconf 80' lang='lat' dir='ltr'><em>gravis,</em></span> 
     </span>
     <span class='ocr_line' id='line_1_14' title="bbox 575 1495 1354 1566; baseline 0.022 -25"><span class='ocrx_word' id='word_1_63' title='bbox 575 1495 667 1554; x_wconf 85' lang='lat' dir='ltr'><em>vir,</em></span> <span class='ocrx_word' id='word_1_64' title='bbox 700 1506 819 1561; x_wconf 82' lang='lat' dir='ltr'><em>saepe</em></span> <span class='ocrx_word' id='word_1_65' title='bbox 838 1508 921 1563; x_wconf 79' lang='lat' dir='ltr'><em>per</em></span> <span class='ocrx_word' id='word_1_66' title='bbox 935 1503 1104 1566; x_wconf 86' lang='lat' dir='ltr'><em>fluctus</em></span> <span class='ocrx_word' id='word_1_67' title='bbox 1131 1506 1354 1557; x_wconf 71' lang='lat' dir='ltr'><em>labanum</em></span> 
     </span>
     <span class='ocr_line' id='line_1_15' title="bbox 634 1583 1383 1651; baseline 0.021 -23"><span class='ocrx_word' id='word_1_68' title='bbox 634 1583 716 1645; x_wconf 82' lang='lat' dir='ltr'><em>qui</em></span> <span class='ocrx_word' id='word_1_69' title='bbox 733 1587 936 1648; x_wconf 84' lang='lat' dir='ltr'><em>patriam</em></span> <span class='ocrx_word' id='word_1_70' title='bbox 963 1591 1200 1651; x_wconf 73' lang='lat' dir='ltr'><em>stabilivit,</em></span> <span class='ocrx_word' id='word_1_71' title='bbox 1227 1600 1383 1643; x_wconf 83' lang='lat' dir='ltr'><em>auctor</em></span> 
     </span>
     <span class='ocr_line' id='line_1_16' title="bbox 446 1667 1408 1745; baseline 0.018 -32"><span class='ocrx_word' id='word_1_72' title='bbox 446 1667 623 1731; x_wconf 85' lang='lat' dir='ltr'><em>verique</em></span> <span class='ocrx_word' id='word_1_73' title='bbox 645 1672 837 1735; x_wconf 83' lang='lat' dir='ltr'><em>rectique</em></span> <span class='ocrx_word' id='word_1_74' title='bbox 854 1690 871 1722; x_wconf 83' lang='grc'><em>.-</em></span> <span class='ocrx_word' id='word_1_75' title='bbox 906 1675 976 1723; x_wconf 79' lang='lat' dir='ltr'><em>hic</em></span> <span class='ocrx_word' id='word_1_76' title='bbox 1002 1680 1168 1736; x_wconf 77' lang='lat' dir='ltr'><em>tamen,</em></span> <span class='ocrx_word' id='word_1_77' title='bbox 1199 1685 1251 1727; x_wconf 88' lang='lat' dir='ltr'><em>ut</em></span> <span class='ocrx_word' id='word_1_78' title='bbox 1267 1682 1408 1745; x_wconf 86' lang='lat' dir='ltr'><em>furor</em></span> 
     </span>
     <span class='ocr_line' id='line_1_17' title="bbox 449 1754 1424 1829; baseline 0.018 -30"><span class='ocrx_word' id='word_1_79' title='bbox 449 1754 615 1801; x_wconf 81' lang='lat' dir='ltr'><em>circum</em></span> <span class='ocrx_word' id='word_1_80' title='bbox 634 1758 929 1819; x_wconf 80' lang='lat' dir='ltr'><em>procellarum</em></span> <span class='ocrx_word' id='word_1_81' title='bbox 954 1762 1162 1827; x_wconf 76' lang='lat' dir='ltr'><em>obstrepit</em></span> <span class='ocrx_word' id='word_1_82' title='bbox 1187 1767 1424 1829; x_wconf 81' lang='lat' dir='ltr'><em>improbus,</em></span> 
     </span>
     <span class='ocr_line' id='line_1_18' title="bbox 573 1844 1344 1915; baseline 0.019 -25"><span class='ocrx_word' id='word_1_83' title='bbox 573 1844 672 1903; x_wconf 85' lang='lat' dir='ltr'><em>scit,</em></span> <span class='ocrx_word' id='word_1_84' title='bbox 689 1845 859 1908; x_wconf 86' lang='lat' dir='ltr'><em>firmus</em></span> <span class='ocrx_word' id='word_1_85' title='bbox 883 1848 1170 1915; x_wconf 84' lang='lat' dir='ltr'><em>immotusque</em></span> <span class='ocrx_word' id='word_1_86' title='bbox 1196 1854 1344 1914; x_wconf 79' lang='lat' dir='ltr'><em>iudex,</em></span> 
     </span>
    </p>
   </div>
   <div class='ocr_carea' id='block_1_3' title="bbox 449 2104 1426 2606">
    <p class='ocr_par' dir='ltr' id='par_1_3' title="bbox 449 2104 1426 2606">
     <span class='ocr_line' id='line_1_19' title="bbox 450 2104 1280 2179; baseline 0.016 -28"><span class='ocrx_word' id='word_1_87' title='bbox 450 2104 621 2164; x_wconf 87' lang='lat' dir='ltr'><em>Musas,</em></span> <span class='ocrx_word' id='word_1_88' title='bbox 650 2106 845 2156; x_wconf 76' lang='lat' dir='ltr'><em>levamen</em></span> <span class='ocrx_word' id='word_1_89' title='bbox 869 2109 1011 2169; x_wconf 80' lang='lat' dir='ltr'><em>dulce,</em></span> <span class='ocrx_word' id='word_1_90' title='bbox 1035 2112 1141 2161; x_wconf 81' lang='lat' dir='ltr'><em>colit</em></span> <span class='ocrx_word' id='word_1_91' title='bbox 1167 2115 1280 2179; x_wconf 85' lang='lat' dir='ltr'><em>lyra,</em></span> 
     </span>
     <span class='ocr_line' id='line_1_20' title="bbox 566 2194 1253 2255; baseline 0.016 -17"><span class='ocrx_word' id='word_1_92' title='bbox 566 2194 781 2255; x_wconf 78' lang='lat' dir='ltr'><em>poeticam</em></span> <span class='ocrx_word' id='word_1_93' title='bbox 805 2194 1017 2244; x_wconf 81' lang='lat' dir='ltr'><em>oblectans</em></span> <span class='ocrx_word' id='word_1_94' title='bbox 1040 2205 1253 2248; x_wconf 76' lang='lat' dir='ltr'><em>senectam</em></span> 
     </span>
     <span class='ocr_line' id='line_1_21' title="bbox 593 2282 1426 2350; baseline 0.016 -25"><span class='ocrx_word' id='word_1_95' title='bbox 593 2320 597 2324; x_wconf 22' lang='grc' dir='ltr'><strong>Α</strong></span> <span class='ocrx_word' id='word_1_96' title='bbox 636 2282 925 2341; x_wconf 78' lang='lat' dir='ltr'><em>carminibus,</em></span> <span class='ocrx_word' id='word_1_97' title='bbox 952 2286 1111 2348; x_wconf 82' lang='lat' dir='ltr'><em>quibus</em></span> <span class='ocrx_word' id='word_1_98' title='bbox 1136 2288 1232 2350; x_wconf 86' lang='lat' dir='ltr'><em>ipsa</em></span> <span class='ocrx_word' id='word_1_99' title='bbox 1255 2304 1426 2337; x_wconf 89' lang='lat' dir='ltr'><em>sacram</em></span> 
     </span>
     <span class='ocr_line' id='line_1_22' title="bbox 450 2366 1282 2434; baseline 0.016 -22"><span class='ocrx_word' id='word_1_100' title='bbox 450 2366 636 2429; x_wconf 83' lang='lat' dir='ltr'><em>afflarat</em></span> <span class='ocrx_word' id='word_1_101' title='bbox 660 2373 803 2416; x_wconf 85' lang='lat' dir='ltr'><em>artem</em></span> <span class='ocrx_word' id='word_1_102' title='bbox 827 2371 1114 2434; x_wconf 73' lang='lat' dir='ltr'><em>relligio—at</em></span> <span class='ocrx_word' id='word_1_103' title='bbox 1137 2375 1282 2424; x_wconf 77' lang='lat' dir='ltr'><em>nwdos</em></span> 
     </span>
     <span class='ocr_line' id='line_1_23' title="bbox 449 2451 1270 2526; baseline 0.015 -28"><span class='ocrx_word' id='word_1_104' title='bbox 449 2451 669 2502; x_wconf 75' lang='lat' dir='ltr'><em>audisne?</em></span> <span class='ocrx_word' id='word_1_105' title='bbox 704 2470 877 2505; x_wconf 85' lang='lat' dir='ltr'><em>concors</em></span> <span class='ocrx_word' id='word_1_106' title='bbox 902 2459 1083 2507; x_wconf 84' lang='lat' dir='ltr'><em>caelitus</em></span> <span class='ocrx_word' id='word_1_107' title='bbox 1108 2463 1270 2526; x_wconf 80' lang='lat' dir='ltr'><em>excipit</em></span> 
     </span>
     <span class='ocr_line' id='line_1_24' title="bbox 573 2543 1335 2606; baseline 0.016 -20"><span class='ocrx_word' id='word_1_108' title='bbox 573 2546 792 2589; x_wconf 76' lang='lat' dir='ltr'><em>concertus</em></span> <span class='ocrx_word' id='word_1_109' title='bbox 817 2543 938 2591; x_wconf 81' lang='lat' dir='ltr'><em>baud</em></span> <span class='ocrx_word' id='word_1_110' title='bbox 959 2548 1180 2606; x_wconf 82' lang='lat' dir='ltr'><em>mortalis,</em></span> <span class='ocrx_word' id='word_1_111' title='bbox 1209 2565 1335 2598; x_wconf 77' lang='lat' dir='ltr'><em>omen</em></span> 
     </span>
    </p>
   </div>
   <div class='ocr_carea' id='block_1_4' title="bbox 1585 314 1679 366">
    <p class='ocr_par' dir='ltr' id='par_1_4' title="bbox 1585 314 1679 366">
     <span class='ocr_line' id='line_1_25' title="bbox 1585 314 1679 366; baseline 0.032 -3"><span class='ocrx_word' id='word_1_112' title='bbox 1585 314 1679 366; x_wconf 85' lang='lat'><em>143</em></span> 
     </span>
    </p>
   </div>
  </div>
 </body>
</html>
