2242 3725
685 337 776 388 LA
787 336 966 388 TINE
999 339 1336 390 REDDJTJ.
1652 354 1711 402 41
1772 329 1776 334 '

960 485 1069 531 XII.

329 609 343 630 ‘
366 606 415 652 Ε
418 609 437 650 t
461 609 566 652 tunc
585 606 795 653 videbunt
818 607 991 655 Filium
1011 608 1223 656 Hominis
1246 610 1486 655 venientem
1510 611 1559 655 in
1581 610 1693 656 nube

589 709 687 740 cum
702 699 913 756 potestate
933 711 1097 758 magna
1117 702 1161 743 et
1182 697 1443 743 maiestate!

503 818 629 901 EN
650 819 662 863 Ι
707 819 810 882 Ipse
834 830 996 867 vectus
1024 820 1236 869 nubibus
1258 821 1464 879 advenit,

625 909 808 955 occisus
831 908 964 966 olim,
994 909 1167 957 nobilis
1191 911 1359 968 hostia,

617 1009 700 1057 pro
730 996 870 1058 stirpe
897 996 1097 1043 Adami:
1143 1011 1271 1045 nunc
1299 997 1525 1062 redempti

678 1081 887 1129 millibus
911 1084 1174 1131 innumeris
1195 1084 1492 1147 triumphum

492 1199 663 1252 augent
691 1201 966 1253 sequentes3
1007 1205 1153 1255 regna
1175 1192 1381 1240 labantia

492 1276 657 1325 mundi
682 1277 922 1335 recedunt,
952 1280 1056 1341 Ipse
1083 1280 1205 1343 regit
1230 1280 1378 1337 Deus,

614 1364 804 1428 diraque
828 1366 1066 1413 maiestate
1089 1369 1274 1414 cinctus

675 1461 782 1498 ante
805 1450 970 1499 oeulos
996 1451 1271 1500 manifestus
1295 1453 1422 1500 ardet
1444 1471 1455 1500 z

489 1559 732 1607 Christum
755 1560 1001 1624 probrosae
1030 1561 1113 1626 qui
1142 1560 1361 1609 dederant
1388 1565 1510 1619 neci,

487 1648 599 1693 ausi>
615 1657 835 1695 sacratam
861 1647 1057 1695 illudere
1078 1649 1339 1707 victimam,

609 1735 687 1781 isti
716 1744 974 1798 gementes,
1003 1749 1134 1782 nunc
1160 1735 1364 1784 eundem

669 1822 966 1884 conspiciunt
989 1821 1106 1870 solio
1133 1821 1392 1870 sedentem.

485 1939 661 1991 sperata
682 1929 863 1977 dudum
890 1945 1019 1978 nunc
1044 1931 1197 1978 oritur
1224 1931 1340 1989 dies,

485 2030 682 2078 superne
709 2016 899 2066 tandem
921 2017 1196 2076 deveniens,
1221 2032 1333 2066 snos

607 2103 663 2150 ad
688 2104 872 2152 caerula
896 2115 1101 2168 arreptos
1128 2119 1212 2168 per
1232 2119 1392 2153 auram

668 2193 864 2255 excipiet
886 2193 1128 2240 Dominus
1151 2193 1455 2256 Redemptor.

482 2296 574 2341 en!
619 2295 838 2354 Alleluia,
869 2296 986 2345 laeta
1010 2295 1109 2344 dies
1136 2296 1284 2354 adest,

483 2383 665 2430 Amen!
700 2399 782 2448 per
808 2384 971 2432 orbem
996 2384 1213 2432 laudibus
1238 2383 1428 2432 efferant

604 2483 783 2535 gentes,
813 2471 1052 2520 sedentem
1077 2473 1361 2536 sempiterno

663 2560 715 2607 in
743 2558 881 2616 solio,
914 2560 1182 2607 Dominum
1210 2573 1293 2623 per
1317 2574 1503 2606 aevum.

483 2663 708 2722 Salvator,
739 2678 922 2712 assume
948 2666 1201 2728 imperium
1227 2664 1406 2721 Tuum,

482 2751 704 2814 regnique
733 2751 937 2798 habenas
963 2752 1057 2799 iam
1084 2750 1193 2799 Tibi
1220 2750 1429 2807 debitas3

604 2848 763 2902 optate
789 2848 994 2895 tantum,
1023 2852 1084 2885 ne
1112 2838 1323 2894 moreris,

665 2924 711 2972 0
738 2925 886 2983 Deus,
916 2924 963 2973 O
990 2925 1218 2982 Domine,
1248 2923 1484 2972 advenit0.
