2242 3725
631 307 725 359 LA
733 304 811 357 TI
810 301 913 355 NE
948 296 1194 352 REDDI
1195 293 1274 344 TI
1275 330 1289 343 .

917 568 1006 617 IV.

423 737 437 759 ⁶
456 731 525 781 Et
547 728 636 776 m‘t
660 724 742 775 Vir
760 724 892 779 sieut,
910 718 993 783 qui
1013 712 1294 764 absconditur
1311 725 1343 758 a
1359 712 1505 764 meo,

705 816 747 860 et
764 810 875 858 celat
893 823 924 855 a
945 798 1229 867 tempestate)

463 968 546 1054 O
569 961 766 1019 MEAE,
788 959 934 1013 Iesus,
955 954 1139 1002 animae
1158 947 1463 1009 Redemptor,

586 1053 639 1099 in
657 1048 818 1097 Tuum
836 1043 990 1093 salvus
1007 1039 1243 1105 gremium
1265 1030 1500 1087 recondat,

465 1141 580 1188 dum
600 1137 767 1184 furunt
783 1142 954 1189 aestuS,
976 1128 1123 1178 trucis
1144 1135 1192 1173 et
1211 1119 1436 1188 procellae

1024 1213 1206 1282 ingruit
1225 1212 1409 1258 horror.

474 1389 588 1438 abde
606 1400 685 1434 me
703 1384 827 1432 vitae
844 1378 1001 1429 medio
1021 1378 1074 1424 in
1093 1372 1324 1428 tumultu,

477 1478 593 1528 abde
612 1491 694 1541 per
710 1472 880 1523 mundi
898 1467 1055 1536 pavidi
1075 1466 1280 1522 ruinam,

474 1566 599 1614 defer
619 1565 671 1612 iu
690 1571 871 1627 portus,
894 1558 1195 1616 animamque
1215 1548 1409 1597 tandem

1034 1641 1189 1702 accipe
1209 1634 1353 1684 caelo.

483 1827 587 1878 spes
604 1811 736 1859 enim
754 1815 895 1856 restat
912 1802 1033 1852 mihi
1053 1802 1150 1849 iam
1169 1796 1333 1847 salutis

486 1901 624 1947 unica
640 1899 694 1944 iu
715 1894 843 1942 dono
863 1889 1031 1939 Crucis
1048 1885 1240 1941 efficaci,

495 2243 662 2283 cuncta
680 2228 928 2278 committo
946 2222 1074 2279 Tibi,
1097 2220 1272 2268 Rector
1291 2213 1435 2269 orbis,

497 2318 754 2383 supplicem
772 2314 979 2362 clemens
997 2322 1086 2371 ope
1107 2319 1186 2354 me
1206 2300 1387 2356 levasti,

499 2404 585 2452 sub
605 2402 725 2450 Tuis
743 2399 828 2448 alis
845 2405 985 2460 caput
1005 2394 1097 2442 hoe
1117 2392 1297 2438 inerme

1057 2488 1247 2543 protege
1266 2475 1391 2521 Iesu.

505 2662 682 2707 auctor,
705 2648 754 2696 O
774 2645 980 2699 Christe,
1004 2650 1052 2688 et
1071 2638 1206 2686 dator
1225 2648 1275 2682 es
1292 2632 1545 2683 bonorum,

508 2737 685 2787 debiles
699 2734 853 2789 firma,
877 2727 1031 2777 releva
1046 2723 1263 2778 caducos,

508 2825 632 2874 lenis
651 2829 864 2884 aegrotos
881 2813 1127 2867 medicare,
1150 2806 1249 2854 dux
1263 2806 1330 2853 sis

1068 2896 1253 2945 lumine
1272 2892 1427 2940 cassis.

1598 298 1660 349 ¹3
