2242 3725
540 287 637 342 126
946 286 1173 339 ROMA
1207 284 1521 339 cADUCA.

1133 561 1357 611 XXXVI.

659 724 730 772 IN
761 723 1002 773 NOVAM
1029 724 1247 774 snm-:M
1278 723 1836 773 CARTHUSIANAM.

733 884 1177 969 TRANSLATA,
1200 895 1316 933 noto
1336 899 1435 950 qno
1450 893 1636 932 steterat
1656 882 1778 940 solo,

873 971 1033 1034 pinus,
1055 988 1139 1036 per
1156 986 1308 1020 annos
1326 972 1469 1019 ardua
1488 970 1737 1033 plurimos,

796 1057 890 1105 heu
907 1058 920 1105 ¹
955 1060 1140 1123 ”evim
1157 1058 1417 1121 lansuoetit
1433 1071 1586 1121 wem,
1605 1066 1654 1103 et

857 1143 1025 1193 fronde
1044 1160 1168 1193 nova
1186 1145 1419 1210 viridique
1437 1146 1619 1192 honore

737 1230 912 1280 nudata
934 1244 1135 1282 marcet:
1169 1248 1268 1282 sors
1286 1233 1376 1281 tibi
1396 1233 1595 1296 contigit

738 1320 920 1368 diversa
939 1320 1101 1384 longe,
1125 1332 1174 1369 et
1190 1321 1291 1368 vita
1306 1322 1531 1378 tenacior,

743 1593 903 1627 auram
924 1593 1166 1638 serenam;
1199 1580 1361 1628 laetior
1379 1594 1557 1642 occupa

744 1666 893 1715 clivos
912 1678 1109 1731 apertos,
1134 1679 1183 1716 et
1202 1669 1313 1732 iuga
1331 1666 1540 1723 stondea,

807 1770 1094 1820 raucumque
1113 1754 1321 1803 Londini
1341 1753 1603 1802 tumultum

869 1857 931 1891 ne
951 1841 1122 1901 doleas,
1147 1843 1448 1907 strepitumve
1469 1840 1662 1889 demens
1763 1884 1767 1894 ,

749 1931 879 1978 urbis
899 1929 1371 1993 reposcas—nobilior
1391 1928 1478 1976 tibi

750 2013 879 2063 sedes
901 2025 1055 2078 parata
1074 2025 1162 2073 est,
1185 2017 1251 2062 sic
1269 2029 1401 2063 soror
1420 2014 1613 2069 eminet,

813 2117 957 2166 quam
977 2101 1213 2159 Glaucias,
1236 2111 1364 2148 vates
1385 2100 1654 2156 Britannus,

875 2189 1161 2238 carminibus
1180 2189 1349 2237 cecinit
1367 2187 1547 2236 latinis.

657 2288 660 2295 '
752 2276 829 2324 hic
851 2285 898 2324 et
917 2277 1077 2325 sacrati
1103 2276 1285 2340 relligio
1302 2274 1397 2322 loci

754 2372 908 2420 restat,
930 2363 1171 2410 iuventam
1189 2363 1286 2409 Pax
1307 2361 1509 2409 docilem
1529 2362 1665 2425 regit,

816 2460 880 2509 et,
904 2464 1020 2513 pura
1038 2449 1154 2496 caeli
1176 2448 1292 2496 dum
1311 2458 1522 2506 tuentur,

881 2538 1044 2601 purior
1062 2552 1175 2585 aura
1194 2537 1373 2583 animas
1393 2545 1592 2583 serenat.

758 2635 922 2689 tuque,
947 2623 994 2672 Ο
1016 2624 1256 2687 Magister,
1279 2621 1561 2686 praesidium
1582 2631 1630 2669 et
1649 2621 1815 2681 decus,

756 2726 909 2761 serves
929 2709 1111 2774 periclis
1132 2709 1222 2757 hoc
1243 2723 1385 2772 pecus
1403 2707 1657 2771 inclytum,

817 2809 865 2847 et
883 2796 1019 2845 corda
1040 2795 1248 2843 formans
1266 2795 1380 2842 haec
1401 2793 1576 2842 tenella

884 2895 1061 2949 sceptra
1080 2899 1226 2933 manu
1246 2894 1404 2933 teneas
1422 2881 1646 2946 benigna.
