2242 3725
642 333 733 382 LA
745 332 926 382 TINE
960 334 1299 384 REDDITI.

913 607 1022 656 XV.

471 774 483 795 ‘
503 769 724 817 Dominus
742 771 862 817 enim
883 769 1004 818 Deus
1022 774 1086 818 est
1105 770 1168 817 sol
1187 773 1231 818 et
1251 770 1453 833 clypeus.'

456 928 834 1014 SALVATOR
861 944 1003 987 unus,
1027 929 1097 979 sol
1127 930 1309 978 animae
1327 929 1464 986 mihi,

550 1015 625 1062 Tu
652 1016 804 1064 noctis
829 1015 1018 1063 umbras
1042 1015 1352 1080 adproperans
1375 1015 1527 1080 fugas»,

572 1118 708 1151 curae
732 1105 970 1168 inquietae
995 1119 1056 1152 ne
1082 1115 1326 1170 resurgant

588 1214 591 1217 >
632 1191 906 1255 terrigenae,
937 1190 1205 1239 Dominum
1229 1202 1461 1255 tegentes.

447 1293 557 1326 cum
579 1279 699 1327 fessa
721 1280 949 1344 languent
971 1280 1170 1338 lumina,
1196 1279 1267 1328 fas
1292 1281 1432 1337 mihi,

447 1377 658 1430 serpente
680 1381 865 1424 somno,
894 1368 946 1414 in
971 1378 1156 1430 pectore
1177 1367 1381 1423 volvere,

570 1467 711 1518 quam
737 1452 874 1500 dulce
897 1453 960 1500 sit
982 1452 1173 1501 tandem
1198 1451 1340 1516 potiri

630 1544 682 1588 in
706 1542 887 1605 gremio
914 1541 1113 1589 Domini
1140 1535 1328 1604 quiete}

443 1632 565 1679 adsis
586 1631 643 1679 ab
670 1643 777 1680 ortu
803 1630 915 1679 solis
937 1631 996 1679 ad
1022 1631 1302 1695 Hesperum,

442 1720 632 1767 absente
656 1718 726 1767 Te
752 1734 864 1766 nam
887 1720 1046 1767 vivere
1070 1720 1247 1776 nescio,

566 1821 649 1871 per
674 1807 826 1854 noctis
848 1806 984 1853 horas
1008 1821 1070 1853 ne
1095 1805 1279 1854 recedas

627 1909 740 1942 nam
764 1895 868 1941 sine
893 1892 963 1942 Te
988 1908 1174 1957 nequeo
1198 1894 1377 1941 moriri.

441 1982 517 2028 Tu
542 1982 662 2029 lucis
685 1983 881 2041 Auctor,
907 1980 984 2030 Tu
1009 1981 1223 2030 tenebras
1246 1995 1427 2046 regens,

441 2083 610 2116 navem
633 2084 715 2133 per
737 2083 910 2133 aequor
935 2068 1085 2133 dirige
1107 2071 1331 2133 sospitem
1349 2085 1364 2124 ς

563 2166 718 2218 portu,
748 2169 831 2219 per
855 2155 1094 2203 adversam
1119 2154 1389 2219 procellam,

626 2242 696 2290 Te
724 2242 994 2291 moderante
1014 2252 1180 2300 ratem,
1208 2242 1437 2290 subimus.

439 2328 504 2385 Ο,
535 2326 645 2376 filiis
670 2330 709 2375 si
736 2328 934 2393 quilibet
956 2344 1016 2376 ex
1040 2327 1161 2377 Tuis

435 2430 569 2463 aures
588 2417 794 2479 paternis
814 2416 1009 2464 vocibus
1027 2416 1219 2474 obserit‚

560 2505 646 2552 hac
668 2515 804 2552 nocte
824 2503 902 2553 Tu
920 2516 1107 2569 gratum
1128 2504 1334 2554 laborem

621 2590 882 2655 ingredere,
902 2602 951 2639 et
971 2605 1135 2639 revoca
1156 2601 1421 2656 vagantem.

435 2693 596 2742 aegros
615 2678 784 2736 levato,
808 2694 1003 2727 munere
1025 2693 1249 2743 pauperes

434 2767 533 2833 dita
550 2765 775 2830 benigno,
800 2765 951 2831 daque
971 2765 1257 2823 dolentibus,

558 2853 780 2902 infantiae
801 2864 855 2902 ut
876 2854 1003 2902 dulci
1023 2868 1188 2918 sopore

620 2942 884 3004 compositi,
907 2940 1084 3004 placide
1105 2941 1362 3004 quiescant.

1610 344 1667 397 51
