2242 3725
713 340 808 391 LA
818 339 1000 392 ΤΙΝΕ
1035 340 1279 392 REDDI
1281 339 1361 391 TI
1361 377 1373 391 .

969 547 1127 618 xvn:

405 686 420 707 ‘
432 682 569 729 Mane
591 681 812 730 nobiscum
833 684 1042 747 quoniam
1063 684 1375 747 advesperascit
1393 688 1435 731 et
1458 683 1674 730 inclinata

879 776 944 819 est
962 772 1056 819 iam
1077 770 1204 820 dies)

531 906 860 991 MORARE
887 922 1092 966 mecum,
1119 923 1283 972 vesper
1306 907 1435 957 adest
1457 910 1571 966 cito,

1686 350 1747 404 57

696 996 757 1030 ne
784 996 862 1030 me
887 981 1141 1046 relinquas,
1168 983 1264 1030 iam
1289 983 1509 1031 tenebrae
1536 991 1695 1040 ruunt,

647 1056 819 1105 fallunt
842 1056 998 1114 amici,
1028 1067 1076 1104 et
1099 1070 1203 1120 spes
1228 1056 1473 1115 recedunt,

710 1130 805 1188 Tu,
834 1131 1061 1178 miserans
1086 1131 1269 1195 inopes,
1297 1141 1489 1179 maneto

519 1223 710 1257 mecum
735 1224 818 1273 per
840 1223 1039 1257 aevum:
1073 1209 1173 1256 vita
1202 1208 1393 1268 recedit,
1421 1220 1470 1257 et

514 1282 685 1330 transit
708 1281 890 1346 fugacis
915 1281 1064 1346 gloria
1088 1281 1278 1339 saeculi,

644 1355 722 1405 Tu
745 1357 959 1405 nesciens
981 1367 1166 1404 mutare
1193 1366 1422 1413 mentem,

702 1441 880 1479 caetera
907 1429 1022 1477 dum
1046 1441 1263 1494 pereunt,
1289 1440 1507 1480 maneto:

518 1508 669 1558 hostis
696 1509 924 1574 repellens
948 1508 1144 1558 insidias
1165 1508 1301 1567 vafri,

512 1598 828 1649 praesensque
852 1585 904 1632 in
929 1584 1069 1632 horas
1095 1585 1328 1633 auxilians
1350 1585 1491 1643 mihi,

644 1656 963 1705 tumultuosas
984 1672 1069 1721 per
1093 1658 1335 1722 procellae,

702 1746 878 1797 perque
901 1746 1080 1790 serena,
1108 1733 1259 1791 Deus,
1287 1744 1509 1782 maneto:

511 1824 609 1858 non
639 1820 783 1859 terret
811 1811 980 1870 hostis,
1008 1810 1144 1870 dum,
1171 1813 1360 1876 propior
1385 1810 1514 1870 Tibi,

513 1899 690 1949 sospes,
719 1886 808 1934 sub
835 1886 923 1934 alis
947 1896 1175 1951 protegor
1202 1886 1431 1952 undique,

641 1974 728 2008 nec
750 1975 898 2009 vexor
921 1962 1159 2009 immenso
1181 1959 1399 2010 dolorum

701 2037 924 2101 pondere,
953 2052 1041 2085 nec
1064 2037 1282 2086 lacrimae
1306 2039 1516 2102 quietem

514 2113 701 2164 turbare
725 2128 953 2180 possunt:
987 2116 1155 2167 mortis
1180 2115 1368 2164 aculeus

515 2203 611 2253 quo
637 2189 734 2238 iam
757 2191 981 2240 recessit?
1018 2204 1175 2256 quove
1201 2190 1417 2254 superbia

637 2265 809 2312 victrix
831 2264 1066 2328 sepulchri
1080 2266 1104 2311 ἲ
1136 2279 1212 2312 me
1235 2265 1477 2328 triumpho

699 2338 867 2404 glorie,
897 2341 936 2388 si
963 2354 1173 2398 maneas,
1200 2351 1414 2389 coronat.

513 2416 609 2476 Tu,
636 2433 783 2482 pune
806 2418 976 2467 clausis
1000 2418 1282 2479 luminibus,
1312 2420 1435 2470 mihi

512 2492 760 2556 praetende
782 2492 983 2542 formam
1010 2493 1247 2542 sacriferae
1270 2495 1437 2552 crucis,

637 2567 888 2632 caliginem
914 2567 1108 2632 dispelle
1135 2567 1346 2627 densam,
1374 2581 1422 2617 et

698 2644 815 2691 atria
836 2642 1116 2692 caelicolum
1142 2642 1349 2691 reclude.

513 2731 670 2785 optata
702 2720 817 2769 caeli
844 2722 985 2769 ianua
1009 2721 1248 2785 panditur,

515 2796 799 2855 umbraeque
826 2795 995 2844 mundi
1021 2795 1283 2860 diffugiunt
1308 2806 1449 2853 retro,

636 2871 689 2920 in
714 2870 897 2919 nisibus
918 2871 1044 2918 vitae
1069 2871 1258 2927 severis,

700 2946 869 2994 mortis
893 2954 942 2994 et
962 2943 1177 3003 articulo,
1200 2954 1408 2994 maneto.
