2242 3725
645 326 740 378 LA
749 325 931 378 ΤΙΝΕ
966 291 1305 378 nanum.
1616 333 1685 388 39

935 599 1026 649 XI.

420 770 436 793 ‘
458 765 556 825 Qun·
573 764 773 829 sequitur
791 763 884 823 Mc,
906 777 995 811 uon
1015 762 1222 814 ambulat
1242 764 1294 811 in
1314 762 1537 811 tenebris?

271 931 549 1019 DIRIGE
574 946 653 980 me
676 929 853 980 medias
877 930 1016 988 inter,
1047 929 1154 977 Lux
1177 928 1337 987 Alma,
1366 929 1597 987 tenebras,

399 1019 579 1083 dirige:
616 1032 716 1067 nox
739 1027 810 1065 cst
837 1026 951 1075 atra,
980 1015 1217 1080 domoque
1241 1030 1347 1064 mea
1370 1015 1533 1079 procul
1556 1029 1675 1074 erro,

259 1105 451 1170 dirige:
491 1103 677 1154 custodi
701 1117 918 1169 gressus:
958 1112 1159 1151 ventura
1181 1101 1374 1151 videndi

258 1195 430 1246 nullus
453 1209 586 1243 amor
612 1204 782 1243 restat:
808 1206 971 1257 passus
993 1192 1116 1241 mihi
1142 1191 1313 1242 sufficit
1336 1206 1479 1242 unns.

258 1452 365 1487 non
391 1452 483 1502 ego
507 1436 614 1486 talis
637 1450 765 1485 eram
792 1449 993 1499 semper,
1023 1449 1112 1483 nec
1135 1445 1247 1483 vota
1270 1434 1476 1484 ferebam

259 1538 318 1575 ut
343 1540 426 1574 me
449 1524 704 1590 dirigerem
738 1534 942 1588 spectare
967 1522 1127 1571 futura
1148 1522 1393 1571 volebam:

257 1623 309 1661 at
335 1626 470 1661 nunc
495 1610 646 1676 dirige
670 1624 748 1658 me
770 1626 783 1658 z
825 1608 1026 1658 laetabar
1048 1600 1231 1656 lumine
1255 1607 1396 1672 pleno

259 1697 396 1756 solis,
426 1696 544 1745 dum
569 1705 780 1746 mentem
807 1705 963 1744 metus
987 1704 1130 1760 atque
1156 1695 1371 1759 superbia
1394 1695 1543 1743 mixta

256 1782 578 1849 torquebant:
620 1783 808 1842 veteris„
836 1796 1016 1846 precor,
1043 1781 1319 1830 obliviscere
1347 1780 1526 1845 culpae.

256 2027 359 2074 iam
384 2025 491 2073 Lux
514 2023 675 2083 Alma,
701 2022 865 2072 Tuum
887 2023 1101 2081 Numen,
1130 2022 1398 2071 labentibus
1423 2024 1562 2072 annis

258 2125 340 2160 me
366 2111 586 2168 servavit,
611 2108 739 2157 idem
762 2123 845 2173 per
869 2108 1038 2157 deneas
1062 2108 1234 2173 diriget
1260 2108 1467 2166 umbras,

256 2213 344 2261 per
372 2196 507 2256 vada,
539 2211 622 2261 per
646 2196 878 2260 scopulos,
904 2210 988 2260 per
1010 2195 1212 2244 flumina
1238 2194 1442 2254 turbida,
1468 2195 1615 2245 donec

257 2299 361 2332 nox
385 2284 501 2342 abit,
526 2294 574 2333 et
598 2297 738 2332 mane
761 2282 996 2346 angelicae
1018 2281 1160 2330 facies
1184 2281 1305 2330 mihi
1331 2280 1503 2341 rident,

258 2385 398 2436 quas,
425 2369 608 2419 dudum
632 2383 878 2429 venerans,
907 2371 1043 2419 amisi
1067 2383 1153 2434 per
1177 2368 1319 2417 breve
1341 2379 1545 2432 tempus.

1249 2460 1370 2508 —C.
1393 2459 1454 2508 E.
1478 2459 1667 2524 M‘Kay.
