2242 3725
720 346 1310 400 TRANSLATIONS.
1616 356 1710 413 135

895 760 1118 809 XXXIX.
1136 797 1143 802 .

586 922 751 974 IDEM
783 923 1023 973 LATINE
1053 923 1426 974 REDDITUM.

309 1084 464 1170 VIR
488 1085 644 1135 bonus
661 1097 709 1135 et
729 1100 933 1151 magnus
952 1102 1097 1151 quam
1115 1101 1221 1138 raro
1241 1086 1456 1151 acquirit,
1479 1086 1648 1144 amice,

452 1173 643 1232 famam,
667 1173 947 1238 divitiasque
967 1172 1138 1221 laboris
1159 1175 1363 1239 praemia
1382 1173 1524 1223 iusta.

302 1259 460 1309 fabula
480 1260 539 1309 de
557 1261 684 1309 caelo
705 1261 844 1310 nobis
864 1260 992 1309 illata
1004 1260 1209 1319 videtur,

305 1350 362 1406 si,
384 1347 506 1395 bene
525 1346 652 1412 quod
672 1349 862 1406 meruit,
882 1349 1032 1395 cuivis
1052 1350 1296 1412 contingat
1317 1348 1369 1396 iu
1391 1347 1520 1405 orbe,

304 1436 402 1483 sive
422 1434 551 1500 quod
570 1435 778 1484 obtinuit
797 1436 954 1500 quivis
974 1436 1203 1483 meruisse
1222 1434 1462 1500 probetur.

303 1524 423 1588 proh
444 1522 596 1588 pudor
612 1525 624 1571 l
658 1523 877 1588 indignas
896 1523 1060 1587 procul
1080 1524 1191 1572 istas
1210 1521 1322 1571 tolle
1340 1521 1585 1587 querellas,

303 1623 480 1676 quanta
500 1611 631 1661 bono
651 1626 921 1677 magnoque
938 1611 1044 1660 viro
1062 1611 1338 1676 contingere
1356 1610 1518 1669 velles,

303 1713 545 1757 nummos,
568 1698 847 1757 mercedem,
869 1698 1048 1758 titulos»,
1070 1698 1252 1747 collove
1272 1699 1468 1757 monile,

303 1793 386 1831 aut
402 1784 575 1833 solium
595 1783 752 1849 gladio
771 1784 1024 1850 crebroque
1043 1785 1263 1833 cadavere
1282 1785 1457 1834 fultum
1471 1787 1496 1833 ἲ

303 1878 404 1940 ipsa
422 1874 561 1922 bonis
579 1874 731 1922 virtus
750 1888 994 1922 summum
1016 1873 1221 1938 finisque
1244 1873 1460 1926 laborum
1481 1885 1553 1924 est
1569 1891 1584 1933 ;

303 1978 465 2015 nonne
485 1974 615 2013 tenet
634 1978 818 2028 semper
837 1963 1100 2023 thesauros,
1118 1979 1303 2029 semper
1323 1966 1497 2015 amicos

301 2056 375 2102 vir
394 2052 551 2100 bonus
568 2061 616 2099 et
634 2065 837 2115 magnus
850 2052 874 2099 ἰ’
922 2049 1038 2099 Tres
1058 2050 1184 2110 illos,
1202 2051 1385 2109 lumen,
1405 2066 1632 2111 amorem,

303 2151 351 2188 et
370 2150 584 2189 mentem
605 2138 853 2202 placidam,
877 2138 1117 2187 infantum
1138 2138 1271 2189 velut
1290 2139 1466 2189 halitus
1486 2155 1666 2206 aequus

301 2226 467 2283 flatur3
501 2236 595 2274 tres
616 2234 663 2273 et
682 2223 823 2274 habet
842 2224 978 2286 fidos,
1003 2236 1096 2274 tres
1118 2240 1300 2290 semper
1319 2227 1513 2285 amicos,

299 2314 435 2378 queis
457 2326 559 2360 uon
578 2312 677 2376 ipse
697 2310 775 2360 die
795 2313 1039 2377 noctisque
1059 2324 1131 2362 est
1151 2315 1320 2363 certior
1338 2313 1472 2372 ordo,

302 2413 401 2446 sese
423 2400 598 2462 ipsum,
614 2399 871 2447 Auctorem
892 2399 1030 2457 vitae,
1052 2399 1351 2464 Mortemque
1371 2400 1654 2449 ministram.
