2242 3725
672 290 766 342 LA
776 289 853 341 TI
852 290 958 342 NE
991 291 1236 343 REDDI
1239 291 1329 343 TI.
1644 306 1664 343 1
1673 303 1701 355 7

963 568 1027 615 V.

408 722 422 741 ‘
441 716 590 764 Redde
609 717 722 764 mihi
741 718 964 767 laetitiam
979 719 1191 767 salutaris
1217 719 1336 768 Tuae
1352 725 1396 768 et
1413 722 1590 783 Spiritu

690 805 933 867 principali
957 806 1170 869 confirma
1191 805 1295 855 me?

487 953 570 1039 O
606 952 805 1008 QUAM
825 952 1018 1002 beatus!
1053 956 1110 1013 si,
1135 956 1324 1020 propior
1345 957 1465 1014 Deo,

605 1051 820 1089 consorte
839 1043 936 1090 vita
956 1041 1163 1106 perfruar
1183 1045 1368 1103 intime,

608 1126 827 1191 viamque
846 1127 904 1175 ad
924 1129 1122 1192 Agnum
1144 1145 1221 1177 me
1241 1130 1466 1179 ferentem

669 1212 851 1261 lumine
872 1216 1159 1279 conspiciam
1180 1231 1361 1265 sereno.

483 1374 608 1421 hen!
643 1388 738 1437 quo
758 1375 981 1423 recedunt
999 1376 1168 1441 gaudia
1190 1382 1401 1443 pristina,

480 1459 733 1525 dulcesque
751 1464 923 1510 amoris
943 1465 1175 1526 primitiae
1198 1464 1311 1524 Tui,

605 1563 701 1611 quo
721 1549 863 1597 verba
881 1551 1005 1608 Iesu,
1029 1567 1150 1616 quae
1168 1553 1385 1603 valebant

666 1634 790 1683 hanc
809 1636 1016 1685 animam
1038 1651 1239 1688 recreare
1257 1639 1425 1690 fessam
1438 1645 1461 1689 Ρ

478 1796 595 1845 olim
615 1796 782 1846 licebat
802 1781 968 1864 degere
986 1811 1199 1866 tempora

477 1886 601 1932 vitae
621 1883 796 1943 beatae,
818 1900 947 1934 nunc
964 1886 1165 1936 viduum
1188 1888 1282 1937 Tui

605 1986 685 2019 cor
704 1972 914 2037 languet,
939 1984 987 2022 et
1005 1975 1176 2024 mundi
1196 1977 1368 2026 caduca

665 2059 834 2123 gaudia
854 2075 932 2108 me
952 2073 1196 2125 nequeunt
1215 2063 1415 2128 replere:

477 2219 608 2275 veni,
631 2219 823 2267 Creator
844 2220 1062 2284 Spiritus,
1087 2224 1243 2271 incola

476 2314 652 2367 optate,
674 2308 800 2369 pacis
820 2309 1021 2356 nuntius
1041 2309 1137 2357 huc
1159 2309 1275 2368 redi,

602 2403 786 2454 peccata
804 2392 954 2457 ploro,
977 2410 1096 2459 quae
1118 2400 1309 2445 nocenti

663 2492 848 2545 pectore
865 2482 935 2532 Te
953 2485 1171 2549 pepulere
1193 2499 1439 2555 maestum.

476 2641 556 2688 Tu
579 2652 686 2690 vota
707 2644 759 2691 in
778 2645 877 2692 imo
898 2644 1035 2693 corde
1054 2645 1262 2706 latentia,

475 2727 645 2777 dilecta
662 2731 893 2794 quamviS,
916 2732 1069 2790 eicie-⁰»,
1093 2747 1272 2796 precor,

604 2826 650 2865 et
668 2827 831 2881 pectus
850 2831 1094 2884 expurges,
1118 2830 1175 2867 ut
1194 2821 1363 2870 Unum

663 2903 733 2952 Te
753 2905 1019 2954 Dominum
1040 2909 1273 2972 accipiens
1293 2910 1498 2963 adorem.

1489 2997 1525 3038 B
