<?xml version="1.0" encoding="UTF-8"?>
<!DOCTYPE html PUBLIC "-//W3C//DTD XHTML 1.0 Transitional//EN"
    "http://www.w3.org/TR/xhtml1/DTD/xhtml1-transitional.dtd">
<html xmlns="http://www.w3.org/1999/xhtml" xml:lang="en" lang="en">
 <head>
  <title>
</title>
<meta http-equiv="Content-Type" content="text/html;charset=utf-8" />
  <meta name='ocr-system' content='tesseract 3.04.00' />
  <meta name='ocr-capabilities' content='ocr_page ocr_carea ocr_par ocr_line ocrx_word'/>
</head>
<body>
  <div class='ocr_page' id='page_1' title='image "./hymniusitatilat00lawsgoog_0085.png"; bbox 0 0 2242 3725; ppageno 0'>
   <div class='ocr_carea' id='block_1_1' title="bbox 663 338 1698 402">
    <p class='ocr_par' dir='ltr' id='par_1_1' title="bbox 663 338 1698 402">
     <span class='ocr_line' id='line_1_1' title="bbox 663 338 1698 402; baseline 0.009 -15"><span class='ocrx_word' id='word_1_1' title='bbox 663 338 757 387; x_wconf 83' lang='lat' dir='ltr'>LA</span> <span class='ocrx_word' id='word_1_2' title='bbox 767 338 844 387; x_wconf 89' lang='lat' dir='ltr'>TI</span> <span class='ocrx_word' id='word_1_3' title='bbox 845 339 901 388; x_wconf 91' lang='lat' dir='ltr'><em>N</em></span> <span class='ocrx_word' id='word_1_4' title='bbox 900 339 948 389; x_wconf 90' lang='lat' dir='ltr'><em>E</em></span> <span class='ocrx_word' id='word_1_5' title='bbox 982 338 1227 389; x_wconf 89' lang='lat' dir='ltr'><em>REDDI</em></span> <span class='ocrx_word' id='word_1_6' title='bbox 1231 338 1322 391; x_wconf 89' lang='lat' dir='ltr'>TI.</span> <span class='ocrx_word' id='word_1_7' title='bbox 1633 341 1698 402; x_wconf 83' lang='grc'>63</span> 
     </span>
    </p>
   </div>
   <div class='ocr_carea' id='block_1_2' title="bbox 930 619 1062 667">
    <p class='ocr_par' dir='ltr' id='par_1_2' title="bbox 930 619 1062 667">
     <span class='ocr_line' id='line_1_2' title="bbox 930 619 1062 667; baseline 0.008 -1"><span class='ocrx_word' id='word_1_8' title='bbox 930 619 1062 667; x_wconf 88' lang='lat' dir='ltr'>XIX.</span> 
     </span>
    </p>
   </div>
   <div class='ocr_carea' id='block_1_3' title="bbox 290 766 1692 913">
    <p class='ocr_par' dir='ltr' id='par_1_3' title="bbox 290 766 1692 913">
     <span class='ocr_line' id='line_1_3' title="bbox 290 766 1692 829; baseline 0.001 -14"><span class='ocrx_word' id='word_1_9' title='bbox 290 774 304 794; x_wconf 87' lang='lat'>‘</span> <span class='ocrx_word' id='word_1_10' title='bbox 334 768 477 829; x_wconf 77' lang='lat' dir='ltr'>Usque</span> <span class='ocrx_word' id='word_1_11' title='bbox 496 767 546 813; x_wconf 82' lang='lat' dir='ltr'>in</span> <span class='ocrx_word' id='word_1_12' title='bbox 566 766 682 816; x_wconf 77' lang='lat' dir='ltr'>diem</span> <span class='ocrx_word' id='word_1_13' title='bbox 703 768 837 815; x_wconf 79' lang='lat' dir='ltr'>illum</span> <span class='ocrx_word' id='word_1_14' title='bbox 856 783 957 816; x_wconf 85' lang='lat' dir='ltr'>cum</span> <span class='ocrx_word' id='word_1_15' title='bbox 983 767 1100 816; x_wconf 76' lang='lat' dir='ltr'>illud</span> <span class='ocrx_word' id='word_1_16' title='bbox 1126 768 1273 816; x_wconf 81' lang='lat' dir='ltr'><strong><em>bibam</em></strong></span> <span class='ocrx_word' id='word_1_17' title='bbox 1292 767 1511 816; x_wconf 78' lang='lat' dir='ltr'>vobiscum</span> <span class='ocrx_word' id='word_1_18' title='bbox 1530 782 1692 816; x_wconf 80' lang='lat' dir='ltr'>novum</span> 
     </span>
     <span class='ocr_line' id='line_1_4' title="bbox 727 856 1248 913; baseline 0.004 -12"><span class='ocrx_word' id='word_1_19' title='bbox 727 856 777 901; x_wconf 82' lang='lat' dir='ltr'>in</span> <span class='ocrx_word' id='word_1_20' title='bbox 797 869 928 913; x_wconf 69' lang='lat' dir='ltr'>reyno</span> <span class='ocrx_word' id='word_1_21' title='bbox 945 856 1105 904; x_wconf 80' lang='lat' dir='ltr'>Patris</span> <span class='ocrx_word' id='word_1_22' title='bbox 1126 856 1248 903; x_wconf 58' lang='lat' dir='ltr'>mei?</span> 
     </span>
    </p>
   </div>
   <div class='ocr_carea' id='block_1_4' title="bbox 287 1003 1689 1331">
    <p class='ocr_par' dir='ltr' id='par_1_4' title="bbox 287 1003 1689 1331">
     <span class='ocr_line' id='line_1_5' title="bbox 296 1003 1689 1088; baseline -0.001 -36"><span class='ocrx_word' id='word_1_23' title='bbox 296 1004 461 1088; x_wconf 90' lang='lat' dir='ltr'>HIC</span> <span class='ocrx_word' id='word_1_24' title='bbox 472 1018 686 1067; x_wconf 77' lang='lat' dir='ltr'>praesens</span> <span class='ocrx_word' id='word_1_25' title='bbox 699 1003 967 1051; x_wconf 89' lang='lat' dir='ltr'>Dominum</span> <span class='ocrx_word' id='word_1_26' title='bbox 979 1012 1268 1066; x_wconf 83' lang='lat' dir='ltr'>praesentem</span> <span class='ocrx_word' id='word_1_27' title='bbox 1279 1017 1465 1051; x_wconf 86' lang='lat' dir='ltr'>cernere</span> <span class='ocrx_word' id='word_1_28' title='bbox 1480 1017 1689 1066; x_wconf 84' lang='lat' dir='ltr'>possum,</span> 
     </span>
     <span class='ocr_line' id='line_1_6' title="bbox 425 1091 1397 1154; baseline -0.001 -16"><span class='ocrx_word' id='word_1_29' title='bbox 425 1091 494 1138; x_wconf 86' lang='lat' dir='ltr'>fas</span> <span class='ocrx_word' id='word_1_30' title='bbox 519 1092 671 1138; x_wconf 85' lang='lat' dir='ltr'>invisa</span> <span class='ocrx_word' id='word_1_31' title='bbox 694 1091 835 1138; x_wconf 87' lang='lat' dir='ltr'>etiam</span> <span class='ocrx_word' id='word_1_32' title='bbox 861 1100 1050 1154; x_wconf 82' lang='lat' dir='ltr'>tangere</span> <span class='ocrx_word' id='word_1_33' title='bbox 1076 1105 1201 1137; x_wconf 84' lang='lat' dir='ltr'>sacra</span> <span class='ocrx_word' id='word_1_34' title='bbox 1225 1105 1397 1147; x_wconf 88' lang='lat' dir='ltr'>manu;</span> 
     </span>
     <span class='ocr_line' id='line_1_7' title="bbox 287 1177 1454 1243; baseline -0.002 -16"><span class='ocrx_word' id='word_1_35' title='bbox 287 1181 368 1227; x_wconf 89' lang='lat' dir='ltr'>hic</span> <span class='ocrx_word' id='word_1_36' title='bbox 392 1178 621 1243; x_wconf 87' lang='lat' dir='ltr'>liceatque</span> <span class='ocrx_word' id='word_1_37' title='bbox 645 1193 832 1226; x_wconf 88' lang='lat' dir='ltr'>crucem</span> <span class='ocrx_word' id='word_1_38' title='bbox 858 1177 1019 1226; x_wconf 83' lang='lat' dir='ltr'>dextra</span> <span class='ocrx_word' id='word_1_39' title='bbox 1043 1192 1259 1241; x_wconf 82' lang='lat' dir='ltr'>prensare</span> <span class='ocrx_word' id='word_1_40' title='bbox 1282 1179 1454 1235; x_wconf 87' lang='lat' dir='ltr'>tenaci,</span> 
     </span>
     <span class='ocr_line' id='line_1_8' title="bbox 350 1264 1347 1331; baseline 0 -19"><span class='ocrx_word' id='word_1_41' title='bbox 350 1266 561 1331; x_wconf 85' lang='lat' dir='ltr'>fessaque</span> <span class='ocrx_word' id='word_1_42' title='bbox 585 1265 771 1330; x_wconf 59' lang='lat' dir='ltr'>caelesti</span> <span class='ocrx_word' id='word_1_43' title='bbox 794 1280 967 1329; x_wconf 85' lang='lat' dir='ltr'>ponere</span> <span class='ocrx_word' id='word_1_44' title='bbox 990 1264 1204 1313; x_wconf 86' lang='lat' dir='ltr'>membra</span> <span class='ocrx_word' id='word_1_45' title='bbox 1226 1275 1347 1314; x_wconf 78' lang='lat' dir='ltr'>toro,</span> 
     </span>
    </p>
   </div>
   <div class='ocr_carea' id='block_1_5' title="bbox 283 1423 1563 1752">
    <p class='ocr_par' dir='ltr' id='par_1_5' title="bbox 286 1423 1475 1577">
     <span class='ocr_line' id='line_1_9' title="bbox 286 1423 1475 1488; baseline -0.001 -15"><span class='ocrx_word' id='word_1_46' title='bbox 286 1427 363 1473; x_wconf 89' lang='lat' dir='ltr'>hic</span> <span class='ocrx_word' id='word_1_47' title='bbox 391 1427 570 1474; x_wconf 88' lang='lat' dir='ltr'>nutrire</span> <span class='ocrx_word' id='word_1_48' title='bbox 593 1427 802 1474; x_wconf 85' lang='lat' dir='ltr'>animam</span> <span class='ocrx_word' id='word_1_49' title='bbox 826 1423 962 1472; x_wconf 87' lang='lat' dir='ltr'>detur</span> <span class='ocrx_word' id='word_1_50' title='bbox 986 1424 1107 1472; x_wconf 88' lang='lat' dir='ltr'>mihi</span> <span class='ocrx_word' id='word_1_51' title='bbox 1134 1439 1255 1488; x_wconf 86' lang='lat' dir='ltr'>pane</span> <span class='ocrx_word' id='word_1_52' title='bbox 1280 1434 1475 1482; x_wconf 85' lang='lat' dir='ltr'>sacrato,</span> 
     </span>
     <span class='ocr_line' id='line_1_10' title="bbox 345 1512 1402 1577; baseline -0.002 -17"><span class='ocrx_word' id='word_1_53' title='bbox 345 1525 393 1561; x_wconf 85' lang='lat' dir='ltr'>et</span> <span class='ocrx_word' id='word_1_54' title='bbox 417 1525 575 1562; x_wconf 90' lang='lat' dir='ltr'>tecum</span> <span class='ocrx_word' id='word_1_55' title='bbox 604 1513 661 1561; x_wconf 85' lang='lat' dir='ltr'>ad</span> <span class='ocrx_word' id='word_1_56' title='bbox 686 1528 898 1561; x_wconf 85' lang='lat' dir='ltr'>mensam</span> <span class='ocrx_word' id='word_1_57' title='bbox 923 1514 1052 1577; x_wconf 85' lang='lat' dir='ltr'>regia</span> <span class='ocrx_word' id='word_1_58' title='bbox 1075 1514 1188 1559; x_wconf 83' lang='lat' dir='ltr'>vina</span> <span class='ocrx_word' id='word_1_59' title='bbox 1210 1512 1368 1559; x_wconf 82' lang='lat' dir='ltr'>bibam</span> <span class='ocrx_word' id='word_1_60' title='bbox 1387 1528 1402 1569; x_wconf 82' lang='lat'>3</span> 
     </span>
    </p>

    <p class='ocr_par' dir='ltr' id='par_1_6' title="bbox 283 1599 1563 1752">
     <span class='ocr_line' id='line_1_11' title="bbox 283 1599 1563 1666; baseline -0.002 -17"><span class='ocrx_word' id='word_1_61' title='bbox 283 1600 364 1649; x_wconf 84' lang='lat' dir='ltr'>hic</span> <span class='ocrx_word' id='word_1_62' title='bbox 390 1615 530 1666; x_wconf 85' lang='lat' dir='ltr'>grave</span> <span class='ocrx_word' id='word_1_63' title='bbox 554 1602 728 1649; x_wconf 88' lang='lat' dir='ltr'>mentis</span> <span class='ocrx_word' id='word_1_64' title='bbox 751 1615 874 1649; x_wconf 83' lang='lat' dir='ltr'>onus</span> <span class='ocrx_word' id='word_1_65' title='bbox 898 1600 1088 1648; x_wconf 89' lang='lat' dir='ltr'>tandem</span> <span class='ocrx_word' id='word_1_66' title='bbox 1114 1599 1346 1663; x_wconf 84' lang='lat' dir='ltr'>deponere</span> <span class='ocrx_word' id='word_1_67' title='bbox 1372 1600 1563 1658; x_wconf 83' lang='lat' dir='ltr'>vellem,</span> 
     </span>
     <span class='ocr_line' id='line_1_12' title="bbox 349 1688 1452 1752; baseline -0.001 -16"><span class='ocrx_word' id='word_1_68' title='bbox 349 1698 403 1736; x_wconf 88' lang='lat' dir='ltr'>ut</span> <span class='ocrx_word' id='word_1_69' title='bbox 428 1688 648 1736; x_wconf 86' lang='lat' dir='ltr'>recubem</span> <span class='ocrx_word' id='word_1_70' title='bbox 671 1690 837 1736; x_wconf 83' lang='lat' dir='ltr'>veniae</span> <span class='ocrx_word' id='word_1_71' title='bbox 862 1689 1078 1736; x_wconf 86' lang='lat' dir='ltr'>conscius</span> <span class='ocrx_word' id='word_1_72' title='bbox 1105 1702 1256 1752; x_wconf 88' lang='lat' dir='ltr'>usque</span> <span class='ocrx_word' id='word_1_73' title='bbox 1282 1703 1452 1736; x_wconf 80' lang='lat' dir='ltr'>novae.</span> 
     </span>
    </p>
   </div>
   <div class='ocr_carea' id='block_1_6' title="bbox 283 1847 1587 2169">
    <p class='ocr_par' dir='ltr' id='par_1_7' title="bbox 283 1847 1587 2169">
     <span class='ocr_line' id='line_1_13' title="bbox 286 1847 1587 1914; baseline 0.001 -18"><span class='ocrx_word' id='word_1_74' title='bbox 286 1847 364 1896; x_wconf 89' lang='lat' dir='ltr'>Tu</span> <span class='ocrx_word' id='word_1_75' title='bbox 389 1848 509 1897; x_wconf 88' lang='lat' dir='ltr'>mihi</span> <span class='ocrx_word' id='word_1_76' title='bbox 535 1847 662 1896; x_wconf 88' lang='lat' dir='ltr'>solus</span> <span class='ocrx_word' id='word_1_77' title='bbox 685 1863 823 1912; x_wconf 89' lang='lat' dir='ltr'>opem</span> <span class='ocrx_word' id='word_1_78' title='bbox 848 1848 1055 1912; x_wconf 82' lang='lat' dir='ltr'>praebes,</span> <span class='ocrx_word' id='word_1_79' title='bbox 1087 1864 1175 1897; x_wconf 87' lang='lat' dir='ltr'>nec</span> <span class='ocrx_word' id='word_1_80' title='bbox 1200 1848 1390 1898; x_wconf 83' lang='lat' dir='ltr'>brachia</span> <span class='ocrx_word' id='word_1_81' title='bbox 1413 1864 1587 1914; x_wconf 85' lang='lat' dir='ltr'>quaero</span> 
     </span>
     <span class='ocr_line' id='line_1_14' title="bbox 349 1935 1431 2001; baseline 0.001 -18"><span class='ocrx_word' id='word_1_82' title='bbox 349 1951 468 2001; x_wconf 88' lang='lat' dir='ltr'>quae</span> <span class='ocrx_word' id='word_1_83' title='bbox 496 1951 573 1983; x_wconf 91' lang='lat' dir='ltr'>me</span> <span class='ocrx_word' id='word_1_84' title='bbox 598 1937 879 1993; x_wconf 81' lang='lat' dir='ltr'>sustineant,</span> <span class='ocrx_word' id='word_1_85' title='bbox 908 1935 1084 1984; x_wconf 87' lang='lat' dir='ltr'>sufficis</span> <span class='ocrx_word' id='word_1_86' title='bbox 1111 1938 1233 2000; x_wconf 85' lang='lat' dir='ltr'>Ipse,</span> <span class='ocrx_word' id='word_1_87' title='bbox 1264 1937 1398 1984; x_wconf 90' lang='lat' dir='ltr'>Deus</span> <span class='ocrx_word' id='word_1_88' title='bbox 1420 1938 1431 1983; x_wconf 83' lang='lat' dir='ltr'>l</span> 
     </span>
     <span class='ocr_line' id='line_1_15' title="bbox 283 2023 1388 2088; baseline 0 -17"><span class='ocrx_word' id='word_1_89' title='bbox 283 2027 582 2088; x_wconf 84' lang='lat' dir='ltr'>incertosque</span> <span class='ocrx_word' id='word_1_90' title='bbox 606 2024 778 2088; x_wconf 87' lang='lat' dir='ltr'>gradus</span> <span class='ocrx_word' id='word_1_91' title='bbox 801 2023 965 2071; x_wconf 79' lang='lat' dir='ltr'>divino</span> <span class='ocrx_word' id='word_1_92' title='bbox 990 2024 1154 2071; x_wconf 89' lang='lat' dir='ltr'>robore</span> <span class='ocrx_word' id='word_1_93' title='bbox 1178 2023 1388 2082; x_wconf 85' lang='lat' dir='ltr'>firmans,</span> 
     </span>
     <span class='ocr_line' id='line_1_16' title="bbox 349 2110 1287 2169; baseline 0 -12"><span class='ocrx_word' id='word_1_94' title='bbox 349 2111 473 2158; x_wconf 87' lang='lat' dir='ltr'>dona</span> <span class='ocrx_word' id='word_1_95' title='bbox 497 2110 617 2157; x_wconf 89' lang='lat' dir='ltr'>mihi</span> <span class='ocrx_word' id='word_1_96' title='bbox 641 2110 855 2157; x_wconf 85' lang='lat' dir='ltr'>cumulas</span> <span class='ocrx_word' id='word_1_97' title='bbox 878 2110 1108 2169; x_wconf 87' lang='lat' dir='ltr'>uberiora,</span> <span class='ocrx_word' id='word_1_98' title='bbox 1137 2110 1287 2159; x_wconf 89' lang='lat' dir='ltr'>Deus.</span> 
     </span>
    </p>
   </div>
   <div class='ocr_carea' id='block_1_7' title="bbox 282 2268 1508 2594">
    <p class='ocr_par' dir='ltr' id='par_1_8' title="bbox 282 2268 1508 2420">
     <span class='ocr_line' id='line_1_17' title="bbox 282 2268 1468 2333; baseline -0.001 -16"><span class='ocrx_word' id='word_1_99' title='bbox 282 2270 421 2333; x_wconf 86' lang='lat' dir='ltr'>culpa</span> <span class='ocrx_word' id='word_1_100' title='bbox 446 2270 568 2317; x_wconf 88' lang='lat' dir='ltr'>mihi</span> <span class='ocrx_word' id='word_1_101' title='bbox 593 2279 749 2327; x_wconf 88' lang='lat' dir='ltr'>restat,</span> <span class='ocrx_word' id='word_1_102' title='bbox 778 2269 858 2316; x_wconf 87' lang='lat' dir='ltr'>sed</span> <span class='ocrx_word' id='word_1_103' title='bbox 882 2268 958 2317; x_wconf 78' lang='lat' dir='ltr'>Tu</span> <span class='ocrx_word' id='word_1_104' title='bbox 983 2269 1255 2327; x_wconf 88' lang='lat' dir='ltr'>iustissime,</span> <span class='ocrx_word' id='word_1_105' title='bbox 1286 2283 1468 2333; x_wconf 86' lang='lat' dir='ltr'>regnas,</span> 
     </span>
     <span class='ocr_line' id='line_1_18' title="bbox 347 2355 1508 2420; baseline 0 -16"><span class='ocrx_word' id='word_1_106' title='bbox 347 2358 577 2420; x_wconf 86' lang='lat' dir='ltr'>sanguine</span> <span class='ocrx_word' id='word_1_107' title='bbox 600 2356 845 2419; x_wconf 83' lang='lat' dir='ltr'>detergens</span> <span class='ocrx_word' id='word_1_108' title='bbox 869 2355 996 2420; x_wconf 87' lang='lat' dir='ltr'>quod</span> <span class='ocrx_word' id='word_1_109' title='bbox 1021 2356 1141 2403; x_wconf 84' lang='lat' dir='ltr'>mihi</span> <span class='ocrx_word' id='word_1_110' title='bbox 1165 2357 1345 2404; x_wconf 85' lang='lat' dir='ltr'>crimen</span> <span class='ocrx_word' id='word_1_111' title='bbox 1370 2358 1508 2414; x_wconf 88' lang='lat' dir='ltr'>inest,</span> 
     </span>
    </p>

    <p class='ocr_par' dir='ltr' id='par_1_9' title="bbox 282 2442 1469 2594">
     <span class='ocr_line' id='line_1_19' title="bbox 282 2442 1469 2507; baseline 0.002 -18"><span class='ocrx_word' id='word_1_112' title='bbox 282 2459 372 2507; x_wconf 78' lang='lat' dir='ltr'>pax</span> <span class='ocrx_word' id='word_1_113' title='bbox 396 2457 517 2500; x_wconf 86' lang='lat' dir='ltr'>mea,</span> <span class='ocrx_word' id='word_1_114' title='bbox 546 2442 760 2490; x_wconf 88' lang='lat' dir='ltr'>velamen</span> <span class='ocrx_word' id='word_1_115' title='bbox 784 2443 1005 2501; x_wconf 89' lang='lat' dir='ltr'>candens,</span> <span class='ocrx_word' id='word_1_116' title='bbox 1039 2457 1145 2506; x_wconf 80' lang='lat' dir='ltr'>spes</span> <span class='ocrx_word' id='word_1_117' title='bbox 1168 2443 1265 2491; x_wconf 89' lang='lat' dir='ltr'>sola</span> <span class='ocrx_word' id='word_1_118' title='bbox 1289 2443 1469 2503; x_wconf 85' lang='lat' dir='ltr'>salutis,</span> 
     </span>
     <span class='ocr_line' id='line_1_20' title="bbox 346 2529 1389 2594; baseline 0.001 -17"><span class='ocrx_word' id='word_1_119' title='bbox 346 2541 497 2577; x_wconf 86' lang='lat' dir='ltr'>morte</span> <span class='ocrx_word' id='word_1_120' title='bbox 523 2529 627 2577; x_wconf 90' lang='lat' dir='ltr'>Tua</span> <span class='ocrx_word' id='word_1_121' title='bbox 651 2540 862 2587; x_wconf 85' lang='lat' dir='ltr'>manant,</span> <span class='ocrx_word' id='word_1_122' title='bbox 891 2529 1194 2594; x_wconf 81' lang='lat' dir='ltr'>sacriferaque</span> <span class='ocrx_word' id='word_1_123' title='bbox 1221 2545 1389 2588; x_wconf 82' lang='lat' dir='ltr'>cruce3</span> 
     </span>
    </p>
   </div>
   <div class='ocr_carea' id='block_1_8' title="bbox 281 2689 1647 3014">
    <p class='ocr_par' dir='ltr' id='par_1_10' title="bbox 281 2689 1647 2841">
     <span class='ocr_line' id='line_1_21' title="bbox 281 2689 1647 2755; baseline -0.001 -17"><span class='ocrx_word' id='word_1_124' title='bbox 281 2689 502 2753; x_wconf 80' lang='lat' dir='ltr'>symbola</span> <span class='ocrx_word' id='word_1_125' title='bbox 524 2699 799 2747; x_wconf 66' lang='lat' dir='ltr'>vanescunt,</span> <span class='ocrx_word' id='word_1_126' title='bbox 830 2703 1136 2753; x_wconf 84' lang='lat' dir='ltr'>mensamque</span> <span class='ocrx_word' id='word_1_127' title='bbox 1161 2690 1471 2755; x_wconf 85' lang='lat' dir='ltr'>relinquimus</span> <span class='ocrx_word' id='word_1_128' title='bbox 1497 2706 1647 2755; x_wconf 84' lang='lat' dir='ltr'>aegre,</span> 
     </span>
     <span class='ocr_line' id='line_1_22' title="bbox 346 2776 1371 2841; baseline -0.001 -16"><span class='ocrx_word' id='word_1_129' title='bbox 346 2787 642 2841; x_wconf 87' lang='lat' dir='ltr'>praetereunt</span> <span class='ocrx_word' id='word_1_130' title='bbox 666 2776 846 2840; x_wconf 88' lang='lat' dir='ltr'>epulae,</span> <span class='ocrx_word' id='word_1_131' title='bbox 875 2777 1017 2839; x_wconf 84' lang='lat' dir='ltr'>spirat</span> <span class='ocrx_word' id='word_1_132' title='bbox 1041 2778 1212 2824; x_wconf 88' lang='lat' dir='ltr'>amoris</span> <span class='ocrx_word' id='word_1_133' title='bbox 1238 2776 1371 2835; x_wconf 87' lang='lat' dir='ltr'>odor,</span> 
     </span>
    </p>

    <p class='ocr_par' dir='ltr' id='par_1_11' title="bbox 285 2861 1620 3014">
     <span class='ocr_line' id='line_1_23' title="bbox 285 2861 1620 2921; baseline -0.001 -10"><span class='ocrx_word' id='word_1_134' title='bbox 285 2866 381 2912; x_wconf 87' lang='lat' dir='ltr'>iam</span> <span class='ocrx_word' id='word_1_135' title='bbox 406 2863 540 2911; x_wconf 88' lang='lat' dir='ltr'>cibus</span> <span class='ocrx_word' id='word_1_136' title='bbox 564 2873 612 2911; x_wconf 93' lang='lat' dir='ltr'>et</span> <span class='ocrx_word' id='word_1_137' title='bbox 635 2863 804 2909; x_wconf 83' lang='lat' dir='ltr'>vinum</span> <span class='ocrx_word' id='word_1_138' title='bbox 827 2861 1020 2920; x_wconf 87' lang='lat' dir='ltr'>cedunt,</span> <span class='ocrx_word' id='word_1_139' title='bbox 1050 2861 1145 2919; x_wconf 87' lang='lat' dir='ltr'>Tu,</span> <span class='ocrx_word' id='word_1_140' title='bbox 1176 2862 1383 2921; x_wconf 86' lang='lat' dir='ltr'>Christe,</span> <span class='ocrx_word' id='word_1_141' title='bbox 1412 2864 1620 2918; x_wconf 86' lang='lat' dir='ltr'>moraris,</span> 
     </span>
     <span class='ocr_line' id='line_1_24' title="bbox 350 2948 1570 3014; baseline 0 -16"><span class='ocrx_word' id='word_1_142' title='bbox 350 2950 445 3008; x_wconf 90' lang='lat' dir='ltr'>Tu,</span> <span class='ocrx_word' id='word_1_143' title='bbox 474 2951 666 3013; x_wconf 87' lang='lat' dir='ltr'>propius</span> <span class='ocrx_word' id='word_1_144' title='bbox 691 2951 940 3007; x_wconf 87' lang='lat' dir='ltr'>comitans,</span> <span class='ocrx_word' id='word_1_145' title='bbox 970 2948 1057 3007; x_wconf 88' lang='lat' dir='ltr'>sol,</span> <span class='ocrx_word' id='word_1_146' title='bbox 1087 2948 1392 3014; x_wconf 86' lang='lat' dir='ltr'>clypeusque,</span> <span class='ocrx_word' id='word_1_147' title='bbox 1419 2951 1570 3006; x_wconf 84' lang='lat' dir='ltr'>mihi;</span> 
     </span>
    </p>
   </div>
  </div>
 </body>
</html>
