2242 3725
650 336 936 388 LATINE
970 334 1213 386 REDDI
1216 332 1308 384 TI.

890 608 1072 656 XXIV.

619 756 634 778 ‘
651 753 708 801 In
728 753 804 802 Me
823 760 914 803 stat
936 759 1064 803 tuum
1083 753 1344 803 auxilium?

543 885 635 970 IN
653 887 828 942 Iesum,
851 888 1048 952 Agnum
1067 888 1161 936 Dei
1182 902 1359 944 carum,

649 975 844 1038 impono
865 973 1111 1022 cumulum
1132 974 1393 1038 culparum,

538 1060 708 1110 Insons
727 1077 813 1125 pro
834 1077 910 1110 me
930 1064 1076 1109 sumit
1097 1072 1296 1118 reatum,

538 1158 750 1195 avertens
769 1163 966 1212 paenam
988 1150 1056 1196 mi
1077 1158 1299 1212 paratam.

538 1232 596 1281 ad
616 1234 791 1292 Iesum,
813 1235 965 1299 culpis
983 1236 1274 1299 inquinatus,

537 1320 722 1379 accedo,
744 1332 909 1386 petens
928 1332 1192 1371 cruentatas

537 1407 772 1471 lymphas,
797 1423 917 1473 quae
936 1409 1125 1457 valeant
1142 1408 1336 1456 lustrare

541 1504 588 1542 et
608 1495 767 1543 sordes
786 1497 969 1544 animae
989 1510 1206 1561 purgare.

543 1615 600 1664 ad
619 1617 778 1666 Iesum
799 1631 985 1681 expono
1004 1627 1114 1665 vota
1135 1618 1326 1674 mentis,

544 1703 719 1762 Iesum,
743 1704 955 1753 solamen
976 1704 1263 1769 indigentis;

545 1803 621 1837 me
640 1789 814 1839 lassum
835 1792 1014 1839 morbis
1033 1790 1309 1848 sublevavit,

544 1888 593 1925 et
609 1879 760 1925 vitam
780 1877 938 1927 denuo
958 1879 1226 1943 integmvit.

544 1964 597 2010 in
618 1964 776 2011 Iesum
797 1979 1044 2013 aerumnas
1063 1976 1113 2014 et
1132 1979 1364 2013 maerores

547 2051 759 2114 impono,
782 2066 915 2100 cums
933 2062 981 2100 et
999 2050 1182 2101 doloret
1200 2068 1214 2110 ;

547 2151 625 2184 me
644 2137 765 2185 tristi
786 2151 927 2185 onere
947 2137 1136 2195 levabit,

548 2233 630 2271 aut
651 2237 840 2271 mecum
860 2238 993 2272 curas
1012 2223 1227 2272 sociabit.

549 2354 661 2402 hnec
682 2353 915 2418 languens
934 2355 1091 2402 anima
1110 2356 1362 2412 revirescit,

550 2442 603 2487 in
623 2440 732 2488 sinu
753 2440 860 2488 Im
881 2438 997 2488 dum
1017 2440 1247 2503 quiesciu

553 2526 770 2590 amplexu
788 2526 915 2574 fovet
934 2540 1012 2573 me
1031 2525 1214 2584 divino,

553 2626 708 2676 sospes
728 2614 780 2660 in
798 2614 979 2677 gremio
999 2612 1192 2661 reclino.

556 2699 604 2747 Ο
626 2714 803 2747 nomen
824 2698 960 2747 dulce
978 2702 990 2748 Ι
1024 2700 1150 2757 Iesu,
1172 2700 1356 2757 amaris,

556 2785 789 2844 Christus,
812 2786 1091 2834 Emmanuel
1111 2801 1195 2834 seu
1213 2789 1409 2846 vocaris,

554 2873 666 2922 haec
688 2875 883 2923 nomina
899 2875 1076 2939 spirant
1094 2889 1319 2933 amorem,

557 2970 611 3008 ut
628 2959 765 3010 flores
783 2963 938 3010 ventis
956 2962 1070 3010 dant
1088 2961 1301 3010 odorem.
