2242 3725
706 275 928 327 FOLIA
967 274 1282 327 cADUCA.
1603 286 1623 324 1
1638 282 1694 337 ις

901 550 1082 598 XXXI.

351 720 364 741 ‘
385 714 507 763 Thou
524 712 628 761 wilt
648 717 724 761 not
745 713 860 761 leave
878 727 953 776 my
967 712 1064 760 mul
1082 712 1136 760 iu
1158 710 1420 760 belle-Pa.
1443 710 1541 757 xvi.
1571 723 1645 756 10.

386 880 400 901 ‘
431 874 616 961 NON
635 874 928 938 derelinques
947 873 1070 922 hanc
1088 873 1315 931 animam,
1338 872 1486 927 Deus,

557 965 572 988 ‘
594 976 681 1010 nec
700 960 960 1009 inferorum
979 961 1032 1008 in
1052 974 1230 1008 carcere
1251 973 1327 1008 me
1347 960 1473 1014 sines

489 1063 504 1085 ⁸
529 1071 734 1115 manere,
758 1070 846 1106 nec
864 1057 1215 1119 corruptionem

552 1148 566 1170 ⁸
588 1154 745 1192 sancta
763 1142 858 1192 Tui
878 1141 1063 1191 suboloe
1082 1141 1295 1192 videbit!

427 1319 652 1383 propheta
671 1319 754 1366 tali
774 1319 979 1365 carmine
1001 1316 1070 1365 Te
1085 1318 1231 1374 canit,

426 1405 593 1453 delicta
614 1404 781 1453 mundi
801 1406 885 1469 qui
907 1404 1106 1451 redimes
1125 1418 1278 1461 cruce,

488 1494 639 1542 victor
661 1503 1018 1549 resurrecturus,
1042 1502 1097 1538 ut
1116 1505 1206 1539 nos

554 1582 719 1644 eripias
738 1580 915 1629 ditione
934 1582 1118 1629 mortis.

431 1756 642 1821 paschale
662 1768 848 1821 tempus
867 1771 996 1805 nunc
1016 1756 1129 1815 adit,
1153 1768 1202 1805 et
1220 1756 1363 1805 modo

430 1844 556 1893 diem
575 1844 757 1893 dierum
775 1845 1263 1902 commemoravimus,

491 1932 650 1981 velum
670 1932 919 1981 tabemscli
936 1933 1240 1996 diremptum,
1265 1944 1313 1981 et

548 2035 663 2069 voce
682 2021 775 2069 Dei
795 2031 1101 2068 monumenta
1122 2031 1275 2084 rupta·

429 2196 611 2245 exhalat
630 2197 756 2245 ultro
776 2212 905 2245 nunc
926 2199 1134 2246 animam
1155 2198 1300 2255 Patri,

428 2284 698 2348 Auctorque
716 2285 841 2332 vitae
857 2286 1014 2332 vivere
1034 2284 1223 2343 desinit,

495 2382 549 2419 ut
568 2372 721 2419 iustus
741 2373 942 2419 iniustos
960 2371 1110 2435 piaclo

557 2459 797 2523 sanguinis
817 2459 922 2522 Ipse
940 2459 1027 2506 Sui
1048 2458 1263 2507 resolvat.

433 2633 546 2681 haec
569 2632 708 2692 finis3
741 2635 903 2682 etiam
922 2633 1067 2682 lintea
1088 2644 1374 2699 comparant,
1469 2677 1477 2683 .

433 2730 678 2785 petraeque
694 2720 907 2768 condunt
927 2721 1137 2768 membra
1156 2721 1422 2779 recessibus,

498 2805 613 2855 dum
633 2807 808 2856 milites
826 2809 1003 2856 circum
1023 2807 1253 2867 locantur,

557 2909 618 2944 ne
639 2896 882 2944 tumulum
900 2896 1080 2945 violent
1100 2895 1273 2944 dolosi,
