2242 3725
700 374 925 432 FOLIA
966 373 1289 427 CADUCA.
1597 379 1691 434 117

879 651 1082 700 XXXII.

396 815 409 835 ‘
430 810 499 857 He
529 824 619 860 was
642 809 798 860 imm
816 810 871 874 of
887 810 1005 858 them
1026 810 1077 857 in
1100 809 1314 871 breaking·
1333 808 1388 872 of
1401 806 1570 856 broad?

1234 895 1429 944 —Luke
1449 895 1579 942 xxiv.
1609 905 1684 955 35.

478 1043 624 1126 IAM
644 1042 816 1107 fragrat
835 1042 995 1091 aether
1013 1043 1138 1091 veris
1159 1041 1399 1099 odoribus,

590 1144 821 1194 auraeque
842 1129 1033 1177 solvunt
1051 1127 1238 1192 frigoris
1256 1142 1430 1191 aspera,
1454 1139 1502 1175 et

533 1228 698 1265 natura
718 1228 824 1281 post
843 1216 1045 1281 longum
1064 1230 1281 1279 soporem

594 1304 800 1369 evigilat,
823 1304 1106 1368 zephyrique
1127 1317 1242 1351 voce

469 1475 631 1512 vocata
651 1464 829 1528 surgit3
862 1462 1012 1527 gloria
1029 1473 1076 1511 et
1099 1461 1318 1509 arborum

469 1562 585 1596 mox
605 1547 743 1612 plena
761 1562 949 1612 campos
970 1547 1151 1596 lumine
1171 1549 1353 1607 vestiet,

532 1644 579 1682 et
600 1633 738 1682 corda
758 1649 887 1681 nunc
910 1634 1119 1682 humana
1140 1634 1290 1682 dulcis

597 1734 701 1783 spes
724 1720 870 1769 reficit
891 1720 1132 1770 redeuntis
1155 1722 1300 1779 anni;

472 1879 646 1944 talique
665 1881 796 1928 Iesus
817 1892 1024 1944 tempore
1043 1881 1294 1930 vinculum

471 1968 651 2026 morde,
672 1968 985 2032 triumphans,
1007 1967 1146 2032 fregit
1167 1968 1354 2028 inutile,

533 2063 580 2101 et
595 2053 898 2119 Magdalenae
918 2069 967 2103 se
988 2055 1191 2114 revelat3

594 2139 709 2188 dum
726 2140 975 2188 lacrimans
995 2143 1162 2205 repetit
1182 2141 1447 2206 sepulcrum

469 2301 644 2347 inane:
676 2300 881 2347 mirum!
917 2301 1112 2348 nomine
1133 2310 1181 2363 te
1199 2314 1390 2360 meane,

472 2389 486 2411 ⁴
503 2385 686 2444 Maria,’
706 2384 845 2444 fatur,
872 2390 887 2414 ‘
902 2397 1092 2450 tangere
1111 2401 1212 2434 non
1233 2387 1360 2446 licet,

533 2481 548 2504 ⁴
566 2476 646 2524 sed
664 2475 781 2524 vade
799 2475 1043 2535 festinans,
1063 2478 1279 2542 meisque

593 2565 607 2588 ‘
627 2560 845 2609 fratribus
865 2561 977 2611 haec
997 2562 1160 2611 eadem
1180 2563 1396 2628 reporta.'

466 2734 585 2783 quae
603 2718 695 2768 fida
714 2730 1025 2785 constansque
1046 2720 1283 2772 adstiterat
1301 2724 1448 2781 cruci,

469 2821 597 2855 nunc
615 2809 770 2871 prima
784 2809 932 2866 testis,
955 2810 1200 2874 primaque
1219 2811 1408 2869 nuntia,

531 2896 744 2953 accurrit,
766 2906 815 2943 et
836 2895 1014 2943 Christi
1035 2898 1279 2945 ministros

595 2980 731 3045 plena
748 2983 854 3031 Deo
874 2983 1089 3046 propiore
1106 2982 1281 3033 firmat.
